1979 3399
377 133 411 140 -
451 106 504 160 329
544 116 585 140 -’

49 247 95 292 tine
111 247 193 293 editum
207 247 252 303 bas
270 261 350 295 causas
365 245 444 307 affert,
474 264 515 297 cur
532 250 665 311 subscriptio
685 246 781 295 concedi
802 248 903 296 thesibus

49 329 189 387 non-possit.
213 339 216 347 ²
290 327 291 330 ’

130 492 132 495 v
169 459 226 519 ,Aa
251 465 279 505 et
299 475 354 506 car
378 462 520 507 atribiterrt
545 448 647 509 tbescs
674 461 789 515 raeccine

260 540 447 600 subscripto
473 543 692 600 confirmem

120 644 178 704 ,Iani
203 659 261 706 qrrae
277 660 412 707 praegressa
429 653 464 693 est
490 648 608 707 disputatio
626 649 723 708 explicat
748 648 802 693 satis
819 658 903 692 causac

50 725 148 784 adesse,
173 740 213 773 our
235 727 335 774 dubitent
357 729 547 788 huiusrespousi
571 735 674 776 auctores
696 730 797 775 thesibus
819 742 902 773 nomeu

51 820 121 853 suum>
131 808 282 866 subscribere,
297 809 332 855 his
350 811 425 856 causis
442 810 495 856 inde
514 810 669 856 abstinendum
686 810 856 856 existimantes:

55 951 56 954 Ἴ
113 887 138 944 t]
155 888 206 947 quia
222 888 299 934 theses
316 890 421 948 ittae,ut
438 890 493 948 ipsis
510 889 615 949 videtur,
638 904 684 936 non
702 892 724 936 in
742 892 845 937 omnibus
860 906 902 937 ac-

48 973 125 1014 curate
142 983 191 1015 cum
210 969 316 1016 doctrinis
334 970 446 1015 ecclesiae
464 969 588 1016 catholicae
606 974 766 1029 consentiunt3

113 1056 139 1106 9]
157 1050 210 1108 quia
226 1051 315 1109 saepius
334 1051 358 1096 in
383 1051 411 1095 iis
430 1063 487 1109 quae
507 1052 651 1109 pronuntiant
675 1053 765 1098 modum
783 1052 904 1109 excedunt,

48 1130 153 1188 privatas¹
165 1130 283 1189 opiniones
300 1136 323 1176 et
340 1133 495 1188 assertiones,
517 1131 545 1176 de
564 1132 644 1190 quibus
662 1133 690 1178 ab
707 1133 818 1178 eeclesiae
835 1132 905 1178 nihil-

49 1211 100 1255 dum
117 1210 231 1256 decretum
249 1216 297 1269 est,
319 1217 423 1271 tanquam
440 1212 492 1256 fidoi
509 1213 614 1272 dogmata
629 1218 771 1272 proponunt,
786 1214 905 1273 postulan-

49 1297 92 1349 tes,
109 1295 132 1335 ut
148 1304 175 1335 ea
194 1291 333 1349 accipiantur
350 1297 372 1336 et
388 1292 531 1337 iureiurando
548 1294 690 1349 sanciantur-3
870 1342 871 1345 ,

108 1373 136 1430 3]
157 1373 209 1432 quia
224 1373 276 1432 quid
292 1373 361 1419 uelint
376 1387 423 1418 non
436 1374 518 1433 ubique
535 1375 595 1421 clare
618 1373 777 1434 pronuntiant,
798 1374 902 1434 adeoque

109 1454 136 1512 4)
152 1455 220 1499 effata
235 1454 355 1513 ecclesiae,
373 1460 482 1514 quatenus
499 1470 526 1501 ea
543 1456 674 1514 continent,
695 1469 741 1500 nou
758 1469 848 1515 sernpcr
865 1457 903 1501 in-

49 1542 127 1596 tegra,
143 1538 210 1581 immo
227 1534 350 1580 deformata
368 1540 501 1593 expromunt
513 1539 540 1591 ¹),

23 1608 25 1611 ’
109 1616 145 1661 Ad
160 1616 201 1661 has
226 1629 323 1673 causas,
348 1629 405 1676 quae
423 1630 452 1662 ex
474 1614 569 1662 thesium
590 1621 697 1662 contextu
719 1621 799 1675 sponte
816 1629 901 1660 conse-

48 1703 143 1757 quuntur
168 1702 191 1742 et
210 1697 270 1742 haud
287 1697 357 1742 'dubie‘
374 1699 428 1742 satis
444 1711 526 1757 graues
543 1704 608 1755 sunt,
631 1703 654 1743 ut
669 1711 715 1741 non
730 1696 799 1741 modo
817 1696 901 1740 dubitet

20 1773 22 1778 ⁴
48 1780 127 1839 aliquis
143 1781 171 1825 iis
192 1779 350 1836 subscribere,
368 1778 409 1824 sed
424 1778 448 1824 id
465 1793 494 1824 ne
510 1779 580 1825 licere
596 1779 685 1838 quidem
702 1783 820 1835 censeat,
834 1790 901 1822 acce-

48 1860 102 1905 dunt
118 1872 175 1917 quac
192 1864 334 1917 sequaninis

112 1941 224 1985 Hactenus
240 1953 380 1997 responsum.

110 2020 155 2065 Iam
171 2019 241 2064 verba
256 2020 356 2063 Perronii
371 2019 450 2063 iterum
467 2020 531 2078 legas
548 2024 570 2064 et
586 2020 674 2064 mireris
689 2019 802 2063 hominem
819 2032 845 2062 ca
862 2031 902 2062 re-

50 2102 169 2154 ferentem,
188 2113 245 2158 quae
260 2099 298 2144 ide
314 2099 357 2144 hac
374 2099 398 2143 in
416 2112 441 2144 rc
457 2099 537 2144 retidit.
568 2100 624 2144 Nam
641 2099 701 2157 quod
711 2099 830 2143 Pcrronius
847 2103 901 2142 tan-

49 2194 114 2240 quam
141 2186 294 2240 argumentum
319 2180 415 2225 maxime
439 2181 564 2237 speciosum
591 2184 628 2223 aut
650 2179 778 2237 primarium
801 2177 900 2233 exhibet,

49 2260 107 2306 adeo
125 2261 282 2306 secundarium
297 2265 343 2316 est,
363 2265 387 2304 ut
409 2260 521 2304 sententia
540 2259 567 2313 dc
584 2260 750 2318 subscriptione
769 2259 903 2318 deneganda
974 2266 977 2268 ’

50 2342 137 2402 penitus
154 2346 215 2386 certa
226 2346 248 2385 et
257 2342 320 2386 firma
337 2342 372 2397 sit,
389 2341 498 2401 siressboc
515 2341 537 2385 in
555 2354 647 2386 ceusurn
663 2342 775 2400 recipitur,
790 2341 838 2387 sire
850 2340 903 2387 inde

92 2533 111 2586 1)
126 2535 273 2584 „Respicienda
282 2535 409 2581 hicuidetur,
423 2536 529 2585 praecipue
542 2534 596 2585 qnod
613 2535 685 2572 attinet
700 2533 725 2570 ad
738 2533 845 2570 concilium
855 2531 901 2570 Tri-

130 2606 249 2649 dentinum,
264 2606 322 2640 Brulla
337 2607 357 2641 P.
373 2606 398 2642 M.
416 2606 443 2642 Pii
459 2605 486 2641 IV
507 2605 640 2652 „Benedictus
656 2605 735 2648 Deusr,
760 2604 831 2640 emissa
850 2616 902 2639 anno

131 2675 195 2721 abac,
214 2686 253 2725 qua
273 2673 362 2711 disertim
383 2680 403 2711 et
422 2674 515 2722 grauibus
532 2677 603 2726 poenis
618 2673 725 2724 propositis
742 2673 847 2719 omnibns,
861 2678 901 2710 tam

129 2749 270 2785 ecclesiasticis
285 2746 376 2798 personis
391 2747 528 2798 cuiuscunque
543 2747 633 2789 ordinis,
651 2744 772 2782 conditionis
788 2749 808 2781 et
823 2743 902 2793 gradus,

130 2819 262 2870 quarn-laicis
279 2830 400 2869 quoeunque
414 2817 492 2854 honore
507 2831 530 2853 ac
544 2821 644 2867 potestate
659 2814 754 2865 praeditis
770 2814 902 2864 praecipitur,

129 2903 155 2926 ne
177 2891 221 2940 quis
241 2890 283 2925 sine
305 2889 424 2924 anctoritate
443 2889 555 2938 apostolica
578 2886 651 2923 audeat
668 2885 721 2921 ullos
741 2885 903 2929 commentarios,

129 2962 216 3010 glossas,
235 2960 388 3004 annotationes,
410 2958 496 3004 scholia,
519 2960 606 2995 ullumve
628 2957 709 2992 omnino
730 2956 903 3005 interpretationis

130 3044 191 3080 genus
212 3043 272 3080 snper
293 3030 356 3078 ipsius
380 3028 459 3064 concilii
476 3028 560 3064 decretis
574 3038 695 3076 quocunque
712 3025 771 3062 irrodo
793 3025 853 3062 edere
869 3035 903 3064 aut

109 3093 115 3101 x*
129 3102 240 3151 quidquam
262 3110 383 3150 quocunque
405 3101 486 3136 nornine
510 3100 568 3134 etiarn
587 3097 623 3133 suli
644 3103 748 3147 praetextu
768 3100 850 3136 raraicris
867 3101 904 3136 (le.

128 3178 227 3208 oratorum
241 3169 409 3208 corroborationis
430 3176 464 3207 aut
478 3167 624 3213 exsecutionis,
646 3168 711 3206 alioue
729 3174 821 3222 rpraesito
836 3171 904 3209 colore

129 3249 236 3280 statrrerc.“
