1979 3399
375 37 577 86 -151-

48 174 123 231 rriliirs,
141 179 164 218 ut
181 187 220 220 eas
238 174 351 222 ccclesiae
367 190 421 222 suae
438 177 505 222 multo
522 173 699 236 periculosiores
716 175 765 219 lore
781 172 909 230 crederent,

49 267 115 314 quam
133 255 266 302 imbecillum
282 257 341 303 illurn
357 259 552 317 ultrapapismunr,
573 259 594 303 b.
612 273 632 303 e.
650 257 673 302 id
697 267 770 315 genus
787 253 909 312 bominum,

50 351 63 380 a
80 337 159 395 quibus
171 337 311 397 philosophia
329 344 351 382 et
372 339 475 384 doctrina
493 341 566 384 omaus
579 353 626 384 non
643 336 712 384 modo
729 334 853 395 negligitur
868 333 910 378 sed

50 419 117 462 etiam
140 419 284 479 vituperatur,
302 421 383 478 aprique
399 425 491 477 propter
509 419 602 465 ollusarn
617 422 716 479 ipsorum
732 417 812 462 animis
828 414 911 473 caligi-

50 511 101 542 nem
117 498 187 542 uerba
210 498 247 543 illa
268 499 326 542 male
348 504 442 557 accepta
454 497 499 541 arisi
515 499 638 543 credideris
655 514 701 545 aron
716 499 833 557 intellipes,
849 497 871 542 b.
891 511 911 542 e.

50 591 144 623 coccam
162 576 236 635 fidem,
250 590 291 636 pro
307 583 394 622 tessera
412 577 455 622 sibi
471 580 623 636 surnpseruntl
775 567 777 570 ’

112 659 158 706 Sed
175 659 194 704 si
209 659 339 704 llcrmesius
356 673 429 719 neque
447 659 559 719 episcopis
576 672 650 719 noque
666 659 830 718 episcopalibus
847 658 913 704 ordi-

51 741 181 798 nariatibus,
198 740 217 784 si
233 740 287 785 uiris
305 742 343 799 qui
364 743 387 786 in
403 742 449 787 boc
473 741 625 786 doctrinarum
644 753 730 798 genere
745 740 874 785 habitabant
889 741 912 783 in

50 834 124 880 eoque
142 821 196 866 clari
213 821 345 866 exstiterunt
363 827 385 866 et
400 821 495 878 nobiles,
510 826 534 867 ut
543 820 734 874 Nieaatoeubuisio,
751 819 842 878 Figere,
860 818 914 864 Zie-

49 903 121 959 ptore,
137 914 183 945 non
200 901 319 959 displicuit,
337 903 374 960 qui
393 900 481 945 tandem
496 905 547 946 sunt
559 902 604 959 isti,
620 901 699 960 quibus
718 900 845 959 displicuit?
864 901 913 954 Qua

51 981 80 1025 de
94 980 260 1026 cansa‘iisdcrn
276 979 407 1039 displicuit?
424 980 446 1030 Si
461 994 487 1025 re
505 994 559 1025 vera
577 981 706 1026 llermesius
717 971 770 1025 illud
782 980 912 1039 perditissi-

51 1063 94 1106 mis
110 1063 351 1107 moribus‘monstrum
370 1063 423 1117 luit,
451 1062 511 1120 quod
529 1063 684 1117 lactaverunt,
705 1061 725 1106 si
750 1075 776 1106 re
800 1068 855 1105 uera
872 1060 913 1104 suit

50 1156 111 1187 liora
128 1142 198 1201 bpdra
216 1143 319 1187 Lernaea
344 1142 477 1187 catholicam
499 1143 523 1186 in
547 1142 655 1187 Borussia
677 1139 798 1186 ecclesiam
815 1139 916 1185 devera-

51 1228 112 1279 tura,
131 1224 184 1281 qnid
205 1224 296 1268 tandem
318 1229 392 1282 potest
411 1225 519 1269 maiorem
536 1224 632 1284 gloriam
649 1222 772 1266 conciliare
787 1235 852 1281 quam
869 1222 914 1266 boc

51 1307 176 1348 monstrum
195 1303 323 1349 sustulisset
347 1302 393 1349 Sed
415 1304 505 1350 ubinam
530 1304 603 1349 victor
621 1304 675 1348 est?
703 1303 747 1348 Cur
768 1316 814 1347 non
830 1289 913 1362 pandit,

51 1387 75 1428 ut
91 1387 192 1440 tempora
217 1383 265 1427 elus
289 1383 368 1428 merita
390 1382 468 1428 laurea
494 1383 665 1428 revinciuntur?
696 1384 727 1428 Et
742 1383 797 1441 pario
811 1383 914 1442 quisquis

51 1463 165 1508 pereniter
180 1463 290 1520 inpetitur,
305 1463 448 1520 seruetipsune
469 1464 609 1507 irariotescere
632 1476 678 1508 reon
699 1463 763 1508 debet
777 1463 912 1522 formidare,

52 1548 142 1602 oportet
156 1549 186 1595 ot¹
193 1542 284 1600 publice
299 1549 373 1599 ecerat,
391 1549 413 1588 et
428 1548 574 1602 quaeeunque
604 1544 628 1587 in
646 1544 806 1589 contestatione
821 1556 865 1588 suo
881 1544 915 1589 lo.

52 1624 91 1682 qni
105 1622 274 1681 praesumpsit,
296 1624 399 1668 ostendat
418 1630 444 1680 ¹).
478 1624 523 1671 Sed
539 1636 648 1683 nusquam
666 1637 713 1669 vox
729 1623 802 1683 aliqua
818 1624 915 1669 exaudi-

53 1710 95 1750 tur.
131 1704 208 1750 Vellus
233 1717 325 1749 niueum
351 1704 468 1750 multorum
490 1717 569 1750 ritanus
591 1709 686 1763 petunt,
710 1704 752 1750 sed
767 1702 914 1763 Argonautae

53 1784 195 1829 delitescunt.
232 1783 267 1828 Eo
289 1784 401 1842 gratiores
425 1796 481 1843 erga
501 1784 631 1829 Perronium
655 1797 707 1830 esse
731 1797 774 1830 nos
800 1785 915 1842 debemus,

54 1868 174 1922 propterea
183 1861 244 1921 quod
254 1862 362 1908 nonnulla
377 1876 453 1907 rerum
468 1863 565 1922 uestigia
582 1865 687 1921 ostendit,
701 1878 759 1924 quae
773 1878 916 1925 persequen-
981 1860 988 1869 “

55 1949 89 1990 tes
106 1943 165 1989 baud
183 1942 250 1988 dubie
265 1943 328 2002 plura
345 1944 454 2004 detegere
472 1945 602 2003 poterimus
635 1945 718 1991 Scribit
735 1946 867 1991 Perronius:

147 2023 249 2082 „Interea
262 2035 300 2068 res
320 2036 394 2068 novae
413 2025 436 2068 in
451 2024 528 2082 primis
544 2024 687 2081 professores
699 2025 802 2070 Kleeiem
813 2032 835 2071 et
850 2025 913 2072 Win-

147 2102 316 2154 discindendum
333 2108 355 2146 et
372 2103 428 2147 alios
439 2103 559 2148 nonnullos
574 2104 727 2164 offendebant,
745 2106 803 2151 adeo
818 2111 842 2150 ut
857 2118 915 2164 pau-

148 2183 208 2228 latim
222 2195 325 2227 runmres
338 2182 509 2227 sollicitudinem
521 2190 638 2230 innuentes
656 2187 709 2231 oriri
727 2192 750 2232 et
762 2191 837 2247 partes
855 2187 914 2232 con->

150 2264 231 2308 sistere
247 2262 393 2319 irioiperent.“

55 2344 124 2402 Eece,
140 2345 229 2390 lileeius
240 2348 262 2388 et
270 2343 299 2388 W
300 2336 493 2399 indiscbmamms,
512 2343 561 2388 sive
570 2343 784 2392 Windisclunannns
794 2353 816 2393 et
824 2348 915 2393 lllccius

56 2426 87 2471 illi
103 2431 161 2482 sunt,
179 2438 236 2484 qnos
251 2437 289 2468 res
306 2436 381 2468 aronae
394 2423 506 2468 llermesii
521 2422 670 2483 offenderent,
687 2426 832 2485 professores
848 2428 917 2473 Win-

57 2507 216 2551 discbmannus
234 2511 256 2549 et-
271 2504 362 2549 llleeius
379 2508 401 2548 et
417 2503 517 2548 nonnulli
534 2503 572 2548 alii
589 2510 654 2563 sunt,
678 2520 690 2550 a
708 2509 787 2566 quibus
809 2499 916 2553 vruinores

59 2586 205 2632 sollicitantes
221 2589 379 2641 moverentur,
395 2584 540 2643 prol'cssores
558 2585 774 2631 Windiscbmannus
792 2591 814 2630 et
826 2586 916 2630 llleeius

58 2666 135 2710 etalii
152 2664 253 2719 nonrmlli
269 2664 387 2720 lecerunt,
405 2668 429 2707 ut
442 2668 518 2721 partes
535 2665 691 2710 consisterent.
722 2666 779 2711 Boni
797 2666 865 2725 igitur
880 2666 918 2709 ui-

58 2746 110 2802 cini,
129 2744 232 2804 collegae
251 2744 374 2800 Hermesii,
400 2743 438 2800 qni
457 2743 479 2787 in
496 2743 576 2788 eadem
592 2744 749 2802 universitate,
767 2745 916 2803 expertein

58 2824 139 2870 eodem
162 2824 242 2869 ordine
262 2823 354 2867 easdem
375 2835 425 2866 cuin
448 2815 487 2866 eo
500 2827 560 2867 artes
582 2822 754 2880 profitebantur,
778 2821 801 2866 hi
819 2819 915 2879 luerunt,

59 2906 138 2964 quibus
156 2904 280 2963 displicuit,
297 2904 333 2961 qui
350 2916 400 2947 eum
416 2904 519 2948 insectati
537 2906 600 2959 sunt,
619 2903 696 2960 quiin
714 2902 817 2947 haeresis
835 2903 915 2947 orimi-

59 2986 172 3030 nationem
191 2996 242 3029 euin
259 2983 407 3039 adduxerunt,
422 2996 549 3041 nonrenque
570 2982 617 3027 eius
635 2980 695 3039 quod
711 2981 785 3027 vereri
802 2981 916 3029 debebant

66 3100 266 3109 κρῆ-...Μ

100 3167 119 3215 1)
134 3165 216 3217 Gregorv
233 3166 258 3203 bl.
277 3165 360 3215 lipistol.
376 3164 408 3202 Vl.
422 3166 454 3205 st.
