1979 3399
406 131 440 141 -
474 102 589 173 m...

60 252 136 299 neque
159 241 230 289 ultra!
257 248 279 290 ot
300 244 335 290 rir
355 245 440 299 iustae,
465 243 485 288 si
502 243 546 288 iam
566 243 588 287 iu
612 255 641 288 eo
664 247 725 289 esset
746 247 770 290 ut
792 244 927 300 hauriretur,

60 320 120 366 liber
135 323 241 381 prodibit.
259 325 348 382 dgito,
366 335 444 367 ornnes
462 322 504 389 has
521 336 586 368 curas
603 323 632 368 ad
648 323 708 367 illum
723 325 798 368 securi
812 325 925 370 remittite.

38 416 40 421 ·
61 403 99 449 Ad
115 400 171 463 opus
187 403 315 450 laciendum
333 404 464 461 incumbite,
480 403 541 462 qued
556 405 618 449 Deus
635 404 694 458 rult,
718 404 759 449 scd
776 407 863 450 animus
883 417 926 449 co-

62 498 111 530 ram
133 485 182 528 Deo
205 489 316 529 versetur.
341 484 478 537 »Quomodo
495 484 555 529 hunc
582 484 651 544 digne
673 484 774 543 diligatis
790 484 814 528 in
830 485 926 543 gratiam

64 550 256 623 caritatisjquam
272 565 339 611 vobis
354 578 395 624 por
408 565 518 611 Christum
534 566 652 624 probarit,
668 564 692 610 id
708 565 769 609 omni
786 565 926 624 cogitatione

62 646 216 703 considerate,
234 646 258 689 id
277 645 381 691 orantibus
398 645 478 691 studiis
496 645 604 690 laborate.
625 645 726 703 Namque
742 645 762 689 is
777 644 827 689 smis
843 645 866 689 in
882 645 925 690 hac

59 730 121 770 terra
136 725 203 771 robis
221 730 256 771 est
271 726 417 785 propositus,
442 724 466 769 id
480 723 611 783 redemptor
627 730 704 770 vester
719 724 816 783 postulat
833 727 855 770 in
868 739 924 786 gra-

59 801 116 852 tiam
132 819 211 853 eorum
227 819 285 865 quae
299 817 421 866 perpessus
440 809 482 851 est.
513 805 607 850 Amenss
639 805 702 850 Haec
719 805 857 854 Hermesius.

403 992 590 999 -—.-..--..—--·--
599 992 614 996 -
638 995 640 998 .

121 1133 155 1177 De
172 1133 220 1192 ipsa
238 1133 349 1178 concione
372 1132 428 1178 nihil
452 1132 588 1178 monendum
606 1131 673 1178 nobis
688 1131 783 1178 videtur.
817 1131 862 1178 Sed
878 1117 924 1177 huc

59 1213 158 1270 reputari
170 1212 245 1270 rrelim,
262 1215 412 1272 conscriptam
426 1227 478 1258 csse
496 1219 518 1259 et
532 1213 632 1257 habitam
646 1226 673 1257 ea
691 1217 772 1271 aetate,
790 1225 834 1272 qua
852 1203 924 1266 ἄθεος
966 1243 969 1273 3

59 1288 172 1336 nominari
189 1293 304 1337 saeculum
319 1294 452 1350 uocabatur,
471 1306 514 1352 qua
527 1294 635 1352 quisque,
660 1294 698 1352 qui
718 1293 854 1338 divinitatem
872 1293 923 1336 lesu

58 1371 141 1417 Christi
162 1373 282 1430 crederet,
305 1372 405 1417 misellus
426 1372 549 1431 stultusque
566 1371 694 1430 haberetur,
711 1387 754 1432 qua
769 1373 923 1432 reperirent-ur

58 1452 133 1509 quiin
156 1451 212 1496 foris
233 1452 328 1511 publicis
351 1465 441 1498 sacrum
464 1452 575 1511 baptisma
599 1453 643 1498 sibi
660 1453 718 1497 ablui
739 1454 856 1509 iuberent,
880 1465 924 1510 qua

57 1531 111 1577 lidei
129 1531 231 1577 delectus
249 1545 289 1577 eas
306 1532 397 1577 radices
417 1536 504 1591 egerat,
521 1536 544 1576 ut
560 1532 584 1576 in
599 1533 746 1577 universitate
757 1532 923 1577 Laudishutana

57 1614 177 1673 professor
201 1613 331 1672 theologiae
348 1612 473 1657 catholicae
490 1612 594 1671 idemque
609 1626 703 1672 praeses
720 1614 836 1658 seminarii
853 1613 923 1658 cleri-

59 1694 114 1738 calis
133 1706 210 1738 coram
227 1692 321 1737 alumnis
339 1692 393 1749 suis,
410 1692 432 1737 h.
455 1705 474 1736 c.
494 1693 583 1738 clericis
600 1707 680 1739 mumrs
697 1706 750 1738 mox
768 1695 921 1753 ingressuris,

58 1772 214 1832 quaestionem
230 1772 391 1831 pertractaret,
416 1776 520 1831 quantum
537 1774 645 1830 temporis
662 1773 837 1830 exspectandum
854 1773 921 1832 toret,

59 1854 112 1898 dum
128 1866 206 1897 corum
220 1854 306 1910 popolo
318 1853 467 1910 pronuntiari
475 1858 562 1911 posset,
579 1866 624 1897 non
642 1867 691 1898 csse
707 1853 786 1899 nerim.

119 1933 216 1978 Ubinam
234 1933 382 1978 concionator
399 1934 535 1990 inuenietur,
552 1929 590 1991 qui
606 1932 648 1978 hae
664 1924 737 1978 aetate
757 1934 780 1978 in
798 1931 918 1979 Germania
943 1992 947 1997 ¹

55 2016 101 2056 tam
121 2012 165 2057 alta
182 2026 240 2057 voce
256 2013 374 2071 protessus
390 2014 419 2057 sit
436 2012 561 2069 Christum,
587 2025 652 2070 quam
670 2012 752 2058 sactum
774 2018 809 2059 est
830 2014 853 2058 in
875 2015 918 2060 hac

56 2094 160 2137 oratione
171 2094 198 2137 ab
207 2093 344 2138 Hermesio?
358 2093 400 2137 Ubi
410 2098 452 2147 est,
470 2095 506 2151 qui
517 2093 654 2138 divinitatem
666 2093 747 2138 Christi
762 2098 807 2139 tam
823 2095 918 2141 fidenter

53 2175 240 2232 pronuntiaverit,
258 2186 324 2232 quam
342 2174 366 2216 in
382 2173 425 2217 hac
444 2174 555 2216 concione
575 2175 739 2231 pronuntiatam
758 2174 915 2220 videmus?-

118 2253 266 2298 Nihilominus
288 2253 396 2298 Perronio
419 2253 492 2312 magis
515 2253 582 2297 etiam
603 2253 753 2310 instabimus,
782 2266 876 2313 eumque
893 2257 917 2299 in

55 2332 173 2378 conclavia
196 2331 333 2376 scholastica
347 2331 459 2376 Hermesii
482 2333 607 2389 rapiemus,
629 2337 653 2374 ut
677 2334 804 2376 certissime
828 2334 915 2390 probe-

54 2423 111 2467 mus,
126 2409 187 2455 illum
205 2408 362 2454 calumniatum
378 2420 429 2454 esse
446 2409 469 2453 in
487 2408 531 2465 iis,
545 2421 603 2467 quae
619 2408 711 2453 tradidit
729 2408 757 2454 de
774 2411 852 2461 animo
865 2418 915 2458 stu-

55 2492 143 2549 diisque
159 2489 288 2543 Hermesii,
315 2495 381 2547 quum
403 2489 427 2532 in
449 2489 567 2546 gymnasie
590 2500 669 2536 rrrunus
689 2489 768 2535 obiret.
800 2491 914 2539 Habemus

55 2568 109 2618 ante
132 2568 211 2615 oculos
236 2567 333 2614 schedas
356 2565 521 2624 scholasticas,
549 2566 628 2626 quibus
644 2568 774 2616 Hermeslus
798 2585 852 2618 usus
871 2578 913 2633 cst,

54 2654 94 2699 ubi
110 2663 231 2713 puerorum
250 2650 272 2692 in
289 2649 407 2707 gymnasio
423 2648 582 2693 institutionem
603 2648 730 2708 inchoarit,
754 2652 824 2710 ipsius
845 2668 913 2700 manu

53 2735 202 2792 conscriptas.
236 2731 299 2784 Quae
322 2729 412 2788 quidem
434 2728 533 2772 schedae
555 2729 666 2774 luculente
690 2731 756 2775 fidem
779 2733 863 2777 addunt
883 2735 919 2782 iis,

52 2813 195 2870 testimoniis,
215 2823 272 2871 quae
289 2813 340 2853 ante
357 2808 385 2852 de
401 2820 470 2866 opera
487 2809 534 2852 eius
552 2810 574 2852 in
589 2811 707 2868 gymnasio
722 2814 829 2870 praestita
846 2827 911 2859 com-

52 2894 221 2938 municavimus.
256 2891 362 2936 'themata
379 2902 408 2933 eu
426 2887 542 2947 religionis
560 2889 660 2935 doctrina
678 2892 706 2936 ad
716 2896 911 2957 commentandum

53 2972 85 3016 ab·
106 2986 133 3017 eo
155 2973 270 3032 proposita
294 2984 339 3016 non
363 2970 435 3016 solum
456 2973 583 3015 accuratam
607 2971 717 3030 doprnatis
743 2973 847 3019 catholici
873 2976 910 3020 in-

52 3052 164 3097 tellectum
180 3055 306 3110 ostendunt,
326 3052 367 3098 sed
385 3051 451 3095 ctiam
467 3053 511 3093 tam
529 3049 605 3096 dentre
623 3050 708 3097 delecta
718 3058 778 3111 sunt,
795 3054 908 3101 utl'rustra

52 3144 148 3192 quaeras
170 3134 263 3178 similem
284 3133 401 3192 roligionis
424 3131 447 3174 in
468 3131 591 3188 gymnasiis
613 3133 737 3178 tradendae
761 3133 908 3195 disciplinam.

50 3217 128 3278 Neque
140 3213 215 3260 -solum
230 3214 273 3260 hae
289 3215 443 3274 quaestiones,
462 3211 528 3258 ctiam
545 3218 620 3260 cetera
636 3215 733 3261 themata
747 3217 795 3263 siro
806 3217 908 3270 adcom÷
