1979 3399
374 85 576 137 ..195.„

142 224 258 284 imperium
275 231 297 272 et
311 227 366 273 satis
383 227 456 273 ualida
472 228 514 284 sit,
534 232 559 273 ut
574 228 642 274 aninri
664 226 767 274 habenas
784 227 813 275 ad
828 243 854 276 se
868 245 908 278 ra-

141 319 196 364 pere
208 309 287 366 possit.
319 308 435 354 Eiusmodi
449 309 552 354 homines
564 312 602 355 vix
614 309 723 369 impedire
732 316 834 372 possunt,
850 326 910 372 quo-

143 388 217 432 minus
231 387 385 446 luxuriantes,
408 388 529 434 effrenatas
553 396 575 436 et
596 390 702 436 ridiculas
721 392 842 451 opiniones
865 394 909 439 ad-

141 470 254 525 sciscant,
280 470 328 515 sive
351 483 391 515 eas
416 469 444 513 ab
470 469 519 515 aliis
539 472 652 530 accipiunt
676 474 724 518 sive
748 486 777 519 ex
798 488 851 520 sese
865 476 909 534 ipsi

141 553 269 605 procreant.
302 548 348 594 lam
366 549 386 594 si
403 549 526 607 acciderit,
541 556 565 596 ut
582 553 601 596 is
618 553 667 610 ira,
685 553 738 599 odio
755 557 804 602 sire
821 558 907 604 invidia

142 626 252 673 adversus
270 629 372 674 eiusdem
392 631 447 675 artis
466 631 576 675 aemulum
598 636 782 693 superveniatur,
801 643 838 683 aut
853 652 907 684 rur-

141 720 180 752 sus
198 707 346 755 admiratione
362 715 385 755 et
399 712 548 757 veneratione
562 711 652 758 doctum
664 716 775 773 quendam
791 717 905 765 hominem

139 795 301 848 prosequatur,
329 792 461 837 incredibile
484 793 546 838 dictu
568 798 615 850 est,
642 807 700 852 quae
725 798 830 856 somnia,
848 813 905 858 quae

141 870 314 929 imaginationes
330 871 354 915 in
369 872 418 916 eius
435 872 508 930 capite
525 873 580 917 oriri
596 877 619 917 et
633 874 723 920 radices
735 889 803 934 agere
813 878 909 937 soleant,

144 963 215 1008 usque
236 950 294 994 adeo
311 956 335 995 ut
351 965 425 1010 neque
443 952 531 997 ratione
549 966 623 1012 neque
640 957 773 1002 arrctorilate
791 958 843 1003 inde
861 960 911 1005 dis-

142 1030 194 1089 pelli
210 1031 309 1090 possint<
321 1037 349 1088 ¹).

48 1112 72 1158 Si
97 1124 194 1171 uuquam
214 1113 237 1156 in
259 1113 350 1157 lrominc
367 1115 472 1173 contigit,
496 1128 554 1173 quae
572 1116 719 1176 sagacissime
736 1117 848 1164 hocloco
866 1119 910 1164 do-

51 1193 97 1237 cuit
112 1192 261 1250 llluratorius,
287 1198 332 1238 tum
353 1194 456 1253 prolecto
474 1195 518 1240 lroc
539 1198 563 1240 in
579 1197 782 1242 Wimlisclrmamro
799 1200 911 1245 Hermesii

52 1276 187 1316 accusatore
211 1271 301 1316 accidit.
335 1272 400 1325 Quod
422 1279 446 1318 ut
469 1276 607 1334 argumentis
627 1279 813 1337 eornprobemus,
836 1282 910 1326 missis

51 1353 149 1396 caeteris
164 1352 268 1396 omuibus
282 1365 339 1410 quae
353 1353 377 1396 in
391 1359 493 1412 promptu
509 1359 567 1411 sunt,
582 1355 688 1402 illustrius
705 1359 830 1417 exemplum
842 1361 909 1405 inre-

50 1432 95 1475 niri
119 1433 158 1477 vix
183 1433 265 1490 poterit
289 1433 390 1491 epistolis
413 1433 456 1479 illis
476 1448 488 1478 a
508 1435 709 1483 Windisclrmanno
734 1440 763 1484 ad
787 1439 910 1486 Iolroaneoa

49 1517 174 1575 titillatum,
184 1518 325 1563 historiarum
334 1519 466 1577 scriptorem
478 1519 648 1566 celeberrimum
659 1534 686 1566 ao
696 1521 768 1565 uirum
777 1522 911 1578 potentissi-

49 1613 108 1643 mum
126 1599 183 1644 datis
201 1603 223 1643 et
239 1599 268 1644 ad
285 1599 400 1658 singulare
412 1600 486 1644 iustae
501 1613 583 1645 causae
594 1600 732 1658 praesidium
749 1613 821 1658 nuper
835 1601 909 1645 edilis.

49 1679 172 1738 Epistulae,
192 1692 250 1737 quae
264 1681 373 1726 maiorem
389 1679 568 1736 admirationem,
586 1681 766 1739 impotentiorem
784 1683 849 1725 unius
866 1682 910 1725 riri

51 1773 106 1819 erga
122 1760 215 1804 alterum
230 1774 330 1805 amorem
347 1761 439 1819 spirent,
458 1787 488 1795 »-
506 1759 615 1816 epistolae
630 1764 674 1803 tam
687 1759 796 1804 luxuriosi
812 1761 910 1820 ingenii,

53 1853 119 1899 quam
136 1840 179 1884 hae
191 1839 446 1885 Windisclrmannianae
463 1845 520 1897 suut,
537 1840 560 1883 in
579 1840 662 1884 ceteris
681 1838 760 1884 littersi
770 1840 910 1897 Theodiscis,

53 1919 75 1964 id
100 1920 159 1977 qrrod
177 1925 243 1978 grato
267 1933 323 1979 erga
346 1921 411 1965 deum
429 1922 503 1965 animo
525 1919 676 1978 profiteamur,
694 1932 741 1964 non
763 1922 912 1979 reperiuntur.

115 2001 182 2054 Quod
197 2001 303 2045 Goetlaius
320 2000 398 2045 bctbcrtt
414 2014 463 2051 curn
481 2000 567 2057 infertile
578 2000 712 2044 litterarium
724 2001 878 2044 cerularercium
891 2005 913 2056 ²)

54 2095 67 2125 a
85 2081 159 2127 multis
176 2082 324 2141 vituperatum
340 2087 387 2137 est,
404 2094 479 2139 neque
495 2080 574 2125 iniuria
583 2096 589 2136 3
607 2079 648 2124 sed
665 2080 718 2137 quid
735 2080 763 2123 de
777 2079 858 2125 litteris
875 2081 913 2125 dl-

54 2176 130 2208 cemus
152 2162 247 2214 eaudem
271 2162 356 2221 ingenii
376 2160 486 2205 luxuriem
508 2173 562 2218 prae
579 2173 605 2205 se
620 2159 744 2203 ferentibus
761 2164 783 2203 ei
801 2162 910 2205 amatorio

54 2255 159 2288 scrnronc
178 2242 320 2299 conscriptis,
336 2241 410 2286 sicas
427 2239 462 2284 vir
480 2240 595 2284 advirum
613 2239 693 2283 misit?
721 2239 914 2292 Quemadmodum

54 2323 129 2368 inians
153 2321 190 2366 illa
210 2326 256 2366 tota
274 2319 353 2365 dillluit
376 2325 399 2363 et
420 2324 467 2364 tota
489 2320 538 2363 eius
556 2323 635 2363 natura
655 2320 678 2362 in
695 2318 731 2363 illa
750 2319 839 2364 Goetlrii
856 2333 912 2365 era-

55 2403 141 2459 nescit,
158 2403 192 2448 sic
209 2401 321 2446 lohannes
337 2399 441 2444 bliillerus
457 2399 503 2460 luit,
521 2400 585 2443 cuius
601 2403 680 2443 natura
697 2397 913 2445 illindisclrmannus

55 2487 115 2527 totus
140 2482 258 2527 absorberi
280 2493 306 2526 se
326 2493 406 2539 passus
428 2485 469 2524 est.
503 2480 578 2533 Quare
594 2478 795 2525 lllindisclrmauno
810 2481 915 2527 liliillerus

55 2563 115 2608 velut
124 2568 197 2607 mater
210 2567 271 2606 terra
286 2561 334 2617 luit,
351 2563 400 2618 ipse
417 2572 481 2617 rere,
499 2560 569 2604 herba
584 2573 641 2617 quae
660 2560 688 2604 ab
705 2559 742 2604 illa
761 2560 832 2616 alitur,
848 2561 915 2605 fore-

56 2646 92 2686 tur
115 2648 137 2686 et
160 2655 200 2686 sua
221 2641 292 2698 ipsius
309 2640 331 2684 vi
347 2639 409 2684 vitali
424 2640 525 2683 mrtritur.
557 2639 620 2683 Licet
636 2644 709 2700 autem
727 2641 913 2685 Winrliscbman-

56 2733 97 2771 nus
124 2722 154 2765 ita
179 2734 228 2764 curn
251 2718 343 2763 liliillero
371 2717 488 2776 copulatus
512 2723 577 2777 atque
607 2724 728 2763 concretus
750 2719 868 2776 rideatur,
890 2725 914 2764 ut

58 2813 146 2846 omnem
162 2800 269 2856 habitum⁷
285 2785 381 2842 formam
394 2798 532 2857 figuramque
553 2797 659 2852 amiserit,
678 2798 821 2842 nihilominus
837 2805 913 2843 tamen

58 2883 146 2938 quoties
163 2881 192 2926 ad
210 2892 273 2925 suum
285 2877 334 2936 Epo
351 2878 455 2935 recurrit,
474 2877 519 2924 hoc
535 2890 623 2935 semper
638 2877 668 2920 ita
684 2876 713 2932 fn,
730 2882 754 2921 ut
769 2878 911 2926 mauifestum

56 2993 262 3004 w

97 3056 116 3106 1)
131 3056 230 3092 Muratori
244 3054 275 3091 sul
290 3053 346 3089 huon
360 3053 431 3097 Gusto,
446 3053 503 3090 Parte
517 3054 532 3088 1.
547 3051 594 3101 cap.
611 3051 642 3087 Xl.

98 3125 118 3176 2)
135 3126 186 3162 Vide
209 3125 295 3162 librum:
321 3123 469 3161 Cominercium
491 3125 603 3161 litterarum
626 3119 680 3170 quod
704 3119 790 3160 thhirrs
814 3116 858 3163 cum
881 3127 914 3164 in.

137 3197 192 3235 fante
208 3195 286 3234 habuit.
347 3249 349 3251 ι
