<?xml version="1.0" encoding="UTF-8"?>
<!DOCTYPE html PUBLIC "-//W3C//DTD XHTML 1.0 Transitional//EN"
    "http://www.w3.org/TR/xhtml1/DTD/xhtml1-transitional.dtd">
<html xmlns="http://www.w3.org/1999/xhtml" xml:lang="en" lang="en">
 <head>
  <title>
</title>
<meta http-equiv="Content-Type" content="text/html;charset=utf-8" />
  <meta name='ocr-system' content='tesseract 3.04.00' />
  <meta name='ocr-capabilities' content='ocr_page ocr_carea ocr_par ocr_line ocrx_word'/>
</head>
<body>
  <div class='ocr_page' id='page_1' title='image "MN5163ucmf_1_0154.png"; bbox 0 0 1979 3399; ppageno 0'>
   <div class='ocr_carea' id='block_1_1' title="bbox 430 13 665 160">
    <p class='ocr_par' dir='ltr' id='par_1_1' title="bbox 430 13 665 160">
     <span class='ocr_line' id='line_1_1' title="bbox 658 13 665 37; baseline 0 -13"><span class='ocrx_word' id='word_1_1' title='bbox 658 13 665 37; x_wconf 75' lang='lat'>,</span> 
     </span>
     <span class='ocr_line' id='line_1_2' title="bbox 430 77 627 160; baseline 0 -1"><span class='ocrx_word' id='word_1_2' title='bbox 430 136 464 146; x_wconf 93' lang='lat'><em>-</em></span> <span class='ocrx_word' id='word_1_3' title='bbox 503 77 627 160; x_wconf 73' lang='grc'><strong>111-</strong></span> 
     </span>
    </p>
   </div>
   <div class='ocr_carea' id='block_1_2' title="bbox 101 247 960 3309">
    <p class='ocr_par' dir='ltr' id='par_1_2' title="bbox 101 247 960 3309">
     <span class='ocr_line' id='line_1_3' title="bbox 101 247 955 309; baseline -0.004 -13"><span class='ocrx_word' id='word_1_4' title='bbox 101 250 161 297; x_wconf 87' lang='lat' dir='ltr'>leria</span> <span class='ocrx_word' id='word_1_5' title='bbox 186 265 241 298; x_wconf 88' lang='lat' dir='ltr'>sane</span> <span class='ocrx_word' id='word_1_6' title='bbox 265 264 317 297; x_wconf 90' lang='lat' dir='ltr'>esse</span> <span class='ocrx_word' id='word_1_7' title='bbox 340 249 397 294; x_wconf 88' lang='lat' dir='ltr'>hacc</span> <span class='ocrx_word' id='word_1_8' title='bbox 422 251 514 309; x_wconf 88' lang='lat' dir='ltr'>peccata</span> <span class='ocrx_word' id='word_1_9' title='bbox 538 261 592 308; x_wconf 91' lang='lat' dir='ltr'>prae</span> <span class='ocrx_word' id='word_1_10' title='bbox 605 247 662 306; x_wconf 88' lang='lat' dir='ltr'>illis,</span> <span class='ocrx_word' id='word_1_11' title='bbox 688 261 745 307; x_wconf 90' lang='lat' dir='ltr'>quae</span> <span class='ocrx_word' id='word_1_12' title='bbox 762 262 816 294; x_wconf 82' lang='lat' dir='ltr'>mox</span> <span class='ocrx_word' id='word_1_13' title='bbox 831 248 858 294; x_wconf 80' lang='lat' dir='ltr'>tle</span> <span class='ocrx_word' id='word_1_14' title='bbox 875 247 955 294; x_wconf 86' lang='lat' dir='ltr'>eadem</span> 
     </span>
     <span class='ocr_line' id='line_1_4' title="bbox 102 330 481 390; baseline -0.008 -11"><span class='ocrx_word' id='word_1_15' title='bbox 102 347 170 380; x_wconf 88' lang='lat' dir='ltr'>causa</span> <span class='ocrx_word' id='word_1_16' title='bbox 186 331 283 379; x_wconf 78' lang='lat' dir='ltr'>tradidit.</span> <span class='ocrx_word' id='word_1_17' title='bbox 315 330 413 390; x_wconf 86' lang='lat' dir='ltr'>Scripsit</span> <span class='ocrx_word' id='word_1_18' title='bbox 424 331 481 376; x_wconf 86' lang='lat' dir='ltr'>iste:</span> 
     </span>
     <span class='ocr_line' id='line_1_5' title="bbox 196 407 955 473; baseline -0.004 -16"><span class='ocrx_word' id='word_1_19' title='bbox 196 413 262 473; x_wconf 82' lang='lat' dir='ltr'>,lllox</span> <span class='ocrx_word' id='word_1_20' title='bbox 277 425 338 457; x_wconf 82' lang='lat' dir='ltr'>nora</span> <span class='ocrx_word' id='word_1_21' title='bbox 353 412 387 457; x_wconf 91' lang='lat' dir='ltr'>rei</span> <span class='ocrx_word' id='word_1_22' title='bbox 400 411 521 471; x_wconf 74' lang='lat' dir='ltr'>implicatio</span> <span class='ocrx_word' id='word_1_23' title='bbox 537 411 629 456; x_wconf 83' lang='lat' dir='ltr'>exstitit.</span> <span class='ocrx_word' id='word_1_24' title='bbox 662 407 789 455; x_wconf 90' lang='lat' dir='ltr'>Canonicus</span> <span class='ocrx_word' id='word_1_25' title='bbox 807 409 885 469; x_wconf 89' lang='lat' dir='ltr'>aliquis</span> <span class='ocrx_word' id='word_1_26' title='bbox 901 410 955 455; x_wconf 82' lang='lat' dir='ltr'>nori</span> 
     </span>
     <span class='ocr_line' id='line_1_6' title="bbox 192 490 955 552; baseline -0.005 -14"><span class='ocrx_word' id='word_1_27' title='bbox 192 491 285 552; x_wconf 73' lang='lat' dir='ltr'>Capituli</span> <span class='ocrx_word' id='word_1_28' title='bbox 303 491 339 536; x_wconf 91' lang='lat' dir='ltr'>die</span> <span class='ocrx_word' id='word_1_29' title='bbox 356 494 370 538; x_wconf 74' lang='lat'>‘2</span> <span class='ocrx_word' id='word_1_30' title='bbox 386 493 468 552; x_wconf 80' lang='lat' dir='ltr'>Aprilis</span> <span class='ocrx_word' id='word_1_31' title='bbox 486 492 585 537; x_wconf 91' lang='lat' dir='ltr'>eiusdem</span> <span class='ocrx_word' id='word_1_32' title='bbox 611 490 664 535; x_wconf 89' lang='lat' dir='ltr'>anni</span> <span class='ocrx_word' id='word_1_33' title='bbox 682 491 743 537; x_wconf 77' lang='lat' dir='ltr'>lata</span> <span class='ocrx_word' id='word_1_34' title='bbox 769 490 887 535; x_wconf 89' lang='lat' dir='ltr'>concilium</span> <span class='ocrx_word' id='word_1_35' title='bbox 909 491 955 535; x_wconf 88' lang='lat' dir='ltr'>Ca-</span> 
     </span>
     <span class='ocr_line' id='line_1_7' title="bbox 193 571 956 635; baseline -0.004 -16"><span class='ocrx_word' id='word_1_36' title='bbox 193 574 442 635; x_wconf 79' lang='lat' dir='ltr'>pitulare-collegarum</span> <span class='ocrx_word' id='word_1_37' title='bbox 459 588 550 620; x_wconf 91' lang='lat' dir='ltr'>suorum</span> <span class='ocrx_word' id='word_1_38' title='bbox 567 575 590 619; x_wconf 95' lang='lat' dir='ltr'>in</span> <span class='ocrx_word' id='word_1_39' title='bbox 608 571 667 617; x_wconf 92' lang='lat' dir='ltr'>diem</span> <span class='ocrx_word' id='word_1_40' title='bbox 683 576 813 631; x_wconf 88' lang='lat' dir='ltr'>sequentem</span> <span class='ocrx_word' id='word_1_41' title='bbox 828 573 903 617; x_wconf 89' lang='lat' dir='ltr'>missis</span> <span class='ocrx_word' id='word_1_42' title='bbox 917 571 956 616; x_wconf 89' lang='lat' dir='ltr'>lit-</span> 
     </span>
     <span class='ocr_line' id='line_1_8' title="bbox 194 653 956 709; baseline -0.005 -9"><span class='ocrx_word' id='word_1_43' title='bbox 194 656 250 701; x_wconf 83' lang='lat' dir='ltr'>teris</span> <span class='ocrx_word' id='word_1_44' title='bbox 267 657 355 702; x_wconf 79' lang='lat' dir='ltr'>indixit.</span> <span class='ocrx_word' id='word_1_45' title='bbox 387 656 454 702; x_wconf 85' lang='lat' dir='ltr'>Libcr·</span> <span class='ocrx_word' id='word_1_46' title='bbox 469 657 525 702; x_wconf 80' lang='lat' dir='ltr'>ltaro</span> <span class='ocrx_word' id='word_1_47' title='bbox 543 655 570 700; x_wconf 93' lang='lat' dir='ltr'>de</span> <span class='ocrx_word' id='word_1_48' title='bbox 586 656 668 700; x_wconf 85' lang='lat' dir='ltr'>Drostc</span> <span class='ocrx_word' id='word_1_49' title='bbox 686 655 758 700; x_wconf 89' lang='lat' dir='ltr'>statim</span> <span class='ocrx_word' id='word_1_50' title='bbox 772 653 912 709; x_wconf 82' lang='lat' dir='ltr'>intercessit,</span> <span class='ocrx_word' id='word_1_51' title='bbox 934 657 956 696; x_wconf 89' lang='lat' dir='ltr'>et</span> 
     </span>
     <span class='ocr_line' id='line_1_9' title="bbox 196 736 956 798; baseline -0.005 -16"><span class='ocrx_word' id='word_1_52' title='bbox 196 750 238 783; x_wconf 87' lang='lat' dir='ltr'>suo</span> <span class='ocrx_word' id='word_1_53' title='bbox 255 742 277 783; x_wconf 94' lang='lat' dir='ltr'>et</span> <span class='ocrx_word' id='word_1_54' title='bbox 293 738 380 785; x_wconf 91' lang='lat' dir='ltr'>comitis</span> <span class='ocrx_word' id='word_1_55' title='bbox 398 739 425 784; x_wconf 91' lang='lat' dir='ltr'>dc</span> <span class='ocrx_word' id='word_1_56' title='bbox 440 737 545 798; x_wconf 83' lang='lat' dir='ltr'>Spiegel,</span> <span class='ocrx_word' id='word_1_57' title='bbox 564 736 656 796; x_wconf 82' lang='lat' dir='ltr'>Capituli</span> <span class='ocrx_word' id='word_1_58' title='bbox 675 736 757 783; x_wconf 88' lang='lat' dir='ltr'>decani</span> <span class='ocrx_word' id='word_1_59' title='bbox 776 736 883 792; x_wconf 91' lang='lat' dir='ltr'>nomine,</span> <span class='ocrx_word' id='word_1_60' title='bbox 899 737 956 793; x_wconf 90' lang='lat' dir='ltr'>pro-</span> 
     </span>
     <span class='ocr_line' id='line_1_10' title="bbox 195 818 956 879; baseline -0.005 -16"><span class='ocrx_word' id='word_1_61' title='bbox 195 818 279 878; x_wconf 81' lang='lat' dir='ltr'>tessus,</span> <span class='ocrx_word' id='word_1_62' title='bbox 296 834 308 864; x_wconf 91' lang='lat' dir='ltr'>a</span> <span class='ocrx_word' id='word_1_63' title='bbox 321 833 372 865; x_wconf 88' lang='lat' dir='ltr'>sese</span> <span class='ocrx_word' id='word_1_64' title='bbox 382 821 473 866; x_wconf 89' lang='lat' dir='ltr'>nonnisi</span> <span class='ocrx_word' id='word_1_65' title='bbox 486 824 548 864; x_wconf 79' lang='lat' dir='ltr'>retus</span> <span class='ocrx_word' id='word_1_66' title='bbox 565 818 684 877; x_wconf 90' lang='lat' dir='ltr'>capitulum</span> <span class='ocrx_word' id='word_1_67' title='bbox 704 825 728 865; x_wconf 89' lang='lat' dir='ltr'>ut</span> <span class='ocrx_word' id='word_1_68' title='bbox 743 819 865 879; x_wconf 80' lang='lat' dir='ltr'>legitimum</span> <span class='ocrx_word' id='word_1_69' title='bbox 882 828 956 876; x_wconf 78' lang='lat' dir='ltr'>agno.</span> 
     </span>
     <span class='ocr_line' id='line_1_11' title="bbox 197 901 957 962; baseline -0.007 -15"><span class='ocrx_word' id='word_1_70' title='bbox 197 903 244 959; x_wconf 84' lang='lat' dir='ltr'>sci,</span> <span class='ocrx_word' id='word_1_71' title='bbox 268 914 341 960; x_wconf 89' lang='lat' dir='ltr'>eoque</span> <span class='ocrx_word' id='word_1_72' title='bbox 366 902 472 962; x_wconf 88' lang='lat' dir='ltr'>quidquid</span> <span class='ocrx_word' id='word_1_73' title='bbox 497 901 585 947; x_wconf 92' lang='lat' dir='ltr'>consilii</span> <span class='ocrx_word' id='word_1_74' title='bbox 608 914 691 946; x_wconf 87' lang='lat' dir='ltr'>novum</span> <span class='ocrx_word' id='word_1_75' title='bbox 715 901 833 960; x_wconf 81' lang='lat' dir='ltr'>capitrdum</span> <span class='ocrx_word' id='word_1_76' title='bbox 849 901 957 958; x_wconf 76' lang='lat' dir='ltr'>cepisset,</span> 
     </span>
     <span class='ocr_line' id='line_1_12' title="bbox 195 981 957 1035; baseline -0.003 -9"><span class='ocrx_word' id='word_1_77' title='bbox 195 982 280 1027; x_wconf 88' lang='lat' dir='ltr'>irritum</span> <span class='ocrx_word' id='word_1_78' title='bbox 303 981 326 1026; x_wconf 88' lang='lat' dir='ltr'>id</span> <span class='ocrx_word' id='word_1_79' title='bbox 344 995 395 1027; x_wconf 84' lang='lat' dir='ltr'>csse</span> <span class='ocrx_word' id='word_1_80' title='bbox 421 987 443 1027; x_wconf 90' lang='lat' dir='ltr'>et</span> <span class='ocrx_word' id='word_1_81' title='bbox 470 982 550 1027; x_wconf 90' lang='lat' dir='ltr'>nullius</span> <span class='ocrx_word' id='word_1_82' title='bbox 568 982 706 1027; x_wconf 86' lang='lat' dir='ltr'>auctoritatis</span> <span class='ocrx_word' id='word_1_83' title='bbox 724 981 853 1027; x_wconf 87' lang='lat' dir='ltr'>declararit.</span> <span class='ocrx_word' id='word_1_84' title='bbox 885 981 957 1035; x_wconf 81' lang='lat' dir='ltr'>Quam</span> 
     </span>
     <span class='ocr_line' id='line_1_13' title="bbox 199 1061 957 1123; baseline 0.001 -17"><span class='ocrx_word' id='word_1_85' title='bbox 199 1063 228 1106; x_wconf 89' lang='lat' dir='ltr'>ob</span> <span class='ocrx_word' id='word_1_86' title='bbox 251 1075 299 1107; x_wconf 91' lang='lat' dir='ltr'>rem</span> <span class='ocrx_word' id='word_1_87' title='bbox 324 1063 375 1108; x_wconf 88' lang='lat' dir='ltr'>irati</span> <span class='ocrx_word' id='word_1_88' title='bbox 397 1063 421 1108; x_wconf 88' lang='grc'>111</span> <span class='ocrx_word' id='word_1_89' title='bbox 444 1062 554 1108; x_wconf 90' lang='lat' dir='ltr'>Canonici</span> <span class='ocrx_word' id='word_1_90' title='bbox 577 1068 672 1123; x_wconf 89' lang='lat' dir='ltr'>quatuor</span> <span class='ocrx_word' id='word_1_91' title='bbox 699 1064 844 1123; x_wconf 86' lang='lat' dir='ltr'>quaestiones</span> <span class='ocrx_word' id='word_1_92' title='bbox 869 1061 957 1108; x_wconf 83' lang='lat' dir='ltr'>clericis</span> 
     </span>
     <span class='ocr_line' id='line_1_14' title="bbox 197 1144 957 1204; baseline -0.004 -14"><span class='ocrx_word' id='word_1_93' title='bbox 197 1144 367 1204; x_wconf 84' lang='lat' dir='ltr'>proponebant,</span> <span class='ocrx_word' id='word_1_94' title='bbox 388 1150 412 1189; x_wconf 91' lang='lat' dir='ltr'>ut</span> <span class='ocrx_word' id='word_1_95' title='bbox 436 1158 474 1191; x_wconf 89' lang='lat' dir='ltr'>eas</span> <span class='ocrx_word' id='word_1_96' title='bbox 497 1145 526 1191; x_wconf 89' lang='lat' dir='ltr'>ad</span> <span class='ocrx_word' id='word_1_97' title='bbox 546 1158 642 1192; x_wconf 82' lang='lat' dir='ltr'>exarnen</span> <span class='ocrx_word' id='word_1_98' title='bbox 661 1150 772 1191; x_wconf 87' lang='lat' dir='ltr'>vocarent</span> <span class='ocrx_word' id='word_1_99' title='bbox 788 1149 810 1190; x_wconf 90' lang='lat' dir='ltr'>et</span> <span class='ocrx_word' id='word_1_100' title='bbox 824 1157 957 1203; x_wconf 91' lang='lat' dir='ltr'>responsum</span> 
     </span>
     <span class='ocr_line' id='line_1_15' title="bbox 199 1224 958 1274; baseline -0.004 -3"><span class='ocrx_word' id='word_1_101' title='bbox 199 1239 250 1271; x_wconf 91' lang='lat' dir='ltr'>cum</span> <span class='ocrx_word' id='word_1_102' title='bbox 266 1225 309 1270; x_wconf 90' lang='lat' dir='ltr'>illis</span> <span class='ocrx_word' id='word_1_103' title='bbox 320 1227 517 1274; x_wconf 88' lang='lat' dir='ltr'>communicarent.</span> <span class='ocrx_word' id='word_1_104' title='bbox 537 1227 599 1273; x_wconf 89' lang='lat' dir='ltr'>Unus</span> <span class='ocrx_word' id='word_1_105' title='bbox 613 1239 642 1271; x_wconf 85' lang='lat' dir='ltr'>ex</span> <span class='ocrx_word' id='word_1_106' title='bbox 656 1227 684 1273; x_wconf 89' lang='lat' dir='ltr'>iis</span> <span class='ocrx_word' id='word_1_107' title='bbox 693 1227 822 1273; x_wconf 89' lang='lat' dir='ltr'>Hennesius</span> <span class='ocrx_word' id='word_1_108' title='bbox 838 1227 886 1274; x_wconf 88' lang='lat' dir='ltr'>fuit.</span> <span class='ocrx_word' id='word_1_109' title='bbox 912 1224 958 1272; x_wconf 85' lang='lat' dir='ltr'>Sed</span> 
     </span>
     <span class='ocr_line' id='line_1_16' title="bbox 124 1307 958 1368; baseline -0.001 -16"><span class='ocrx_word' id='word_1_110' title='bbox 124 1318 126 1322; x_wconf 78' lang='grc'>’</span> <span class='ocrx_word' id='word_1_111' title='bbox 199 1312 295 1366; x_wconf 90' lang='lat' dir='ltr'>quatuor</span> <span class='ocrx_word' id='word_1_112' title='bbox 311 1307 362 1353; x_wconf 91' lang='lat' dir='ltr'>illae</span> <span class='ocrx_word' id='word_1_113' title='bbox 382 1311 526 1368; x_wconf 85' lang='lat' dir='ltr'>quaestiones</span> <span class='ocrx_word' id='word_1_114' title='bbox 547 1322 576 1355; x_wconf 90' lang='lat' dir='ltr'>eo</span> <span class='ocrx_word' id='word_1_115' title='bbox 593 1309 703 1367; x_wconf 81' lang='lat' dir='ltr'>redibant,</span> <span class='ocrx_word' id='word_1_116' title='bbox 720 1315 792 1354; x_wconf 90' lang='lat' dir='ltr'>utrum</span> <span class='ocrx_word' id='word_1_117' title='bbox 815 1322 880 1368; x_wconf 90' lang='lat' dir='ltr'>quem</span> <span class='ocrx_word' id='word_1_118' title='bbox 897 1308 958 1365; x_wconf 91' lang='lat' dir='ltr'>prius</span> 
     </span>
     <span class='ocr_line' id='line_1_17' title="bbox 198 1387 959 1452; baseline -0.003 -19"><span class='ocrx_word' id='word_1_119' title='bbox 198 1387 282 1433; x_wconf 72' lang='lat' dir='ltr'>nortun</span> <span class='ocrx_word' id='word_1_120' title='bbox 306 1388 428 1447; x_wconf 84' lang='lat' dir='ltr'>Capitulum</span> <span class='ocrx_word' id='word_1_121' title='bbox 446 1390 649 1437; x_wconf 83' lang='lat' dir='ltr'>administratorem</span> <span class='ocrx_word' id='word_1_122' title='bbox 665 1391 812 1452; x_wconf 87' lang='lat' dir='ltr'>Capitularcm</span> <span class='ocrx_word' id='word_1_123' title='bbox 835 1391 959 1446; x_wconf 85' lang='lat' dir='ltr'>creaverat,</span> 
     </span>
     <span class='ocr_line' id='line_1_18' title="bbox 197 1469 958 1533; baseline -0.003 -19"><span class='ocrx_word' id='word_1_124' title='bbox 197 1470 302 1515; x_wconf 88' lang='lat' dir='ltr'>comitem</span> <span class='ocrx_word' id='word_1_125' title='bbox 325 1471 354 1516; x_wconf 91' lang='lat' dir='ltr'>de</span> <span class='ocrx_word' id='word_1_126' title='bbox 381 1473 485 1532; x_wconf 79' lang='lat' dir='ltr'>spiegel,</span> <span class='ocrx_word' id='word_1_127' title='bbox 508 1486 521 1518; x_wconf 89' lang='lat' dir='ltr'>a</span> <span class='ocrx_word' id='word_1_128' title='bbox 545 1472 676 1533; x_wconf 88' lang='lat' dir='ltr'>Napolcone</span> <span class='ocrx_word' id='word_1_129' title='bbox 697 1474 826 1532; x_wconf 88' lang='lat' dir='ltr'>episcopum</span> <span class='ocrx_word' id='word_1_130' title='bbox 851 1469 958 1514; x_wconf 91' lang='lat' dir='ltr'>nomina-</span> 
     </span>
     <span class='ocr_line' id='line_1_19' title="bbox 196 1550 957 1612; baseline -0.003 -16"><span class='ocrx_word' id='word_1_131' title='bbox 196 1555 257 1609; x_wconf 89' lang='lat' dir='ltr'>tum,</span> <span class='ocrx_word' id='word_1_132' title='bbox 279 1552 299 1596; x_wconf 92' lang='lat' dir='ltr'>is</span> <span class='ocrx_word' id='word_1_133' title='bbox 319 1557 391 1597; x_wconf 91' lang='lat' dir='ltr'>utrum</span> <span class='ocrx_word' id='word_1_134' title='bbox 411 1552 509 1612; x_wconf 79' lang='lat' dir='ltr'>legitime</span> <span class='ocrx_word' id='word_1_135' title='bbox 532 1558 621 1598; x_wconf 88' lang='lat' dir='ltr'>creatus</span> <span class='ocrx_word' id='word_1_136' title='bbox 643 1553 673 1597; x_wconf 90' lang='lat' dir='ltr'>sit</span> <span class='ocrx_word' id='word_1_137' title='bbox 694 1566 737 1598; x_wconf 91' lang='lat' dir='ltr'>nec</span> <span class='ocrx_word' id='word_1_138' title='bbox 757 1564 797 1596; x_wconf 87' lang='lat' dir='ltr'>ne.</span> <span class='ocrx_word' id='word_1_139' title='bbox 828 1550 957 1596; x_wconf 90' lang='lat' dir='ltr'>Hermesius</span> 
     </span>
     <span class='ocr_line' id='line_1_20' title="bbox 200 1631 958 1693; baseline -0.005 -16"><span class='ocrx_word' id='word_1_140' title='bbox 200 1646 229 1677; x_wconf 89' lang='lat' dir='ltr'>ca</span> <span class='ocrx_word' id='word_1_141' title='bbox 243 1633 272 1677; x_wconf 92' lang='lat' dir='ltr'>de</span> <span class='ocrx_word' id='word_1_142' title='bbox 286 1647 312 1678; x_wconf 93' lang='lat' dir='ltr'>re</span> <span class='ocrx_word' id='word_1_143' title='bbox 329 1633 408 1679; x_wconf 90' lang='lat' dir='ltr'>librum</span> <span class='ocrx_word' id='word_1_144' title='bbox 420 1636 544 1693; x_wconf 87' lang='lat' dir='ltr'>composuit</span> <span class='ocrx_word' id='word_1_145' title='bbox 555 1634 599 1680; x_wconf 90' lang='lat' dir='ltr'>hoe</span> <span class='ocrx_word' id='word_1_146' title='bbox 612 1634 681 1691; x_wconf 84' lang='lat' dir='ltr'>titulo,</span> <span class='ocrx_word' id='word_1_147' title='bbox 698 1634 839 1691; x_wconf 80' lang='lat' dir='ltr'>Responsum</span> <span class='ocrx_word' id='word_1_148' title='bbox 860 1631 887 1676; x_wconf 83' lang='lat' dir='ltr'>de</span> <span class='ocrx_word' id='word_1_149' title='bbox 902 1643 958 1675; x_wconf 78' lang='lat' dir='ltr'>eoac-</span> 
     </span>
     <span class='ocr_line' id='line_1_21' title="bbox 199 1709 958 1773; baseline -0.007 -17"><span class='ocrx_word' id='word_1_150' title='bbox 199 1713 333 1757; x_wconf 82' lang='lat' dir='ltr'>teuticnibus</span> <span class='ocrx_word' id='word_1_151' title='bbox 361 1715 420 1759; x_wconf 79' lang='lat' dir='ltr'>iuter</span> <span class='ocrx_word' id='word_1_152' title='bbox 447 1715 573 1773; x_wconf 79' lang='lat' dir='ltr'>Capitulum</span> <span class='ocrx_word' id='word_1_153' title='bbox 596 1714 774 1759; x_wconf 79' lang='lat' dir='ltr'>lllcttustertease</span> <span class='ocrx_word' id='word_1_154' title='bbox 802 1717 824 1757; x_wconf 86' lang='lat' dir='ltr'>et</span> <span class='ocrx_word' id='word_1_155' title='bbox 847 1709 958 1754; x_wconf 72' lang='lat' dir='ltr'>clocarium</span> 
     </span>
     <span class='ocr_line' id='line_1_22' title="bbox 163 1787 959 1853; baseline -0.004 -17"><span class='ocrx_word' id='word_1_156' title='bbox 163 1827 165 1829; x_wconf 89' lang='lat'>.</span> <span class='ocrx_word' id='word_1_157' title='bbox 200 1791 354 1850; x_wconf 81' lang='lat' dir='ltr'>Capitulurcm</span> <span class='ocrx_word' id='word_1_158' title='bbox 375 1794 477 1850; x_wconf 73' lang='lat' dir='ltr'>ceorlis,</span> <span class='ocrx_word' id='word_1_159' title='bbox 495 1794 709 1853; x_wconf 79' lang='grc'><strong>11111111111101815</strong></span> <span class='ocrx_word' id='word_1_160' title='bbox 731 1787 789 1852; x_wconf 73' lang='lat' dir='ltr'>tppis</span> <span class='ocrx_word' id='word_1_161' title='bbox 810 1789 959 1851; x_wconf 82' lang='lat' dir='ltr'>evulgandum</span> 
     </span>
     <span class='ocr_line' id='line_1_23' title="bbox 200 1858 806 1930; baseline -0.003 -12"><span class='ocrx_word' id='word_1_162' title='bbox 200 1873 307 1918; x_wconf 61' lang='grc' dir='ltr'>11111111.ιζ</span> <span class='ocrx_word' id='word_1_163' title='bbox 681 1858 684 1875; x_wconf 41' lang='lat' dir='ltr'>l</span> <span class='ocrx_word' id='word_1_164' title='bbox 804 1924 806 1930; x_wconf 21' lang='lat' dir='ltr'>s</span> 
     </span>
     <span class='ocr_line' id='line_1_24' title="bbox 106 1951 959 2014; baseline -0.004 -15"><span class='ocrx_word' id='word_1_165' title='bbox 106 1952 142 1999; x_wconf 80' lang='lat' dir='ltr'>Ex</span> <span class='ocrx_word' id='word_1_166' title='bbox 156 1951 191 1997; x_wconf 83' lang='lat' dir='ltr'>liis</span> <span class='ocrx_word' id='word_1_167' title='bbox 206 1954 300 2011; x_wconf 83' lang='lat' dir='ltr'>primum</span> <span class='ocrx_word' id='word_1_168' title='bbox 317 1954 396 2001; x_wconf 85' lang='lat' dir='ltr'>salsum</span> <span class='ocrx_word' id='word_1_169' title='bbox 414 1955 459 2001; x_wconf 90' lang='lat' dir='ltr'>lroc</span> <span class='ocrx_word' id='word_1_170' title='bbox 475 1960 516 2013; x_wconf 86' lang='lat' dir='ltr'>cst,</span> <span class='ocrx_word' id='word_1_171' title='bbox 531 1956 622 2001; x_wconf 92' lang='lat' dir='ltr'>nonnisi</span> <span class='ocrx_word' id='word_1_172' title='bbox 640 1955 668 2001; x_wconf 86' lang='grc'>111</span> <span class='ocrx_word' id='word_1_173' title='bbox 684 1955 719 2001; x_wconf 80' lang='lat' dir='ltr'>liis</span> <span class='ocrx_word' id='word_1_174' title='bbox 734 1959 829 2014; x_wconf 90' lang='lat' dir='ltr'>quatuor</span> <span class='ocrx_word' id='word_1_175' title='bbox 839 1951 959 1998; x_wconf 87' lang='lat' dir='ltr'>Canonicis</span> 
     </span>
     <span class='ocr_line' id='line_1_25' title="bbox 108 2032 960 2097; baseline -0.001 -20"><span class='ocrx_word' id='word_1_176' title='bbox 108 2037 204 2093; x_wconf 91' lang='lat' dir='ltr'>quatuor</span> <span class='ocrx_word' id='word_1_177' title='bbox 221 2034 273 2091; x_wconf 88' lang='lat' dir='ltr'>illas</span> <span class='ocrx_word' id='word_1_178' title='bbox 294 2038 439 2094; x_wconf 71' lang='lat' dir='ltr'>quaestiones</span> <span class='ocrx_word' id='word_1_179' title='bbox 462 2037 589 2097; x_wconf 88' lang='lat' dir='ltr'>propositas</span> <span class='ocrx_word' id='word_1_180' title='bbox 606 2050 658 2082; x_wconf 90' lang='lat' dir='ltr'>esse</span> <span class='ocrx_word' id='word_1_181' title='bbox 674 2042 697 2081; x_wconf 90' lang='lat' dir='ltr'>et</span> <span class='ocrx_word' id='word_1_182' title='bbox 712 2050 761 2082; x_wconf 90' lang='lat' dir='ltr'>cum</span> <span class='ocrx_word' id='word_1_183' title='bbox 776 2034 874 2095; x_wconf 83' lang='lat' dir='ltr'>pluribus</span> <span class='ocrx_word' id='word_1_184' title='bbox 892 2032 960 2077; x_wconf 89' lang='lat' dir='ltr'>eleri-</span> 
     </span>
     <span class='ocr_line' id='line_1_26' title="bbox 108 2112 960 2176; baseline -0.001 -18"><span class='ocrx_word' id='word_1_185' title='bbox 108 2114 142 2159; x_wconf 90' lang='lat' dir='ltr'>cis</span> <span class='ocrx_word' id='word_1_186' title='bbox 159 2114 187 2158; x_wconf 89' lang='lat' dir='ltr'>ad</span> <span class='ocrx_word' id='word_1_187' title='bbox 204 2115 386 2174; x_wconf 90' lang='lat' dir='ltr'>respondendum</span> <span class='ocrx_word' id='word_1_188' title='bbox 403 2119 584 2163; x_wconf 83' lang='lat' dir='ltr'>cornnmnieatas.</span> <span class='ocrx_word' id='word_1_189' title='bbox 621 2119 671 2165; x_wconf 85' lang='lat' dir='ltr'>Non</span> <span class='ocrx_word' id='word_1_190' title='bbox 689 2122 786 2176; x_wconf 76' lang='grc'><strong>(11111111</strong></span> <span class='ocrx_word' id='word_1_191' title='bbox 805 2118 829 2161; x_wconf 89' lang='grc'>111</span> <span class='ocrx_word' id='word_1_192' title='bbox 845 2112 960 2170; x_wconf 88' lang='lat' dir='ltr'>Canonici,</span> 
     </span>
     <span class='ocr_line' id='line_1_27' title="bbox 105 2194 959 2258; baseline -0.004 -17"><span class='ocrx_word' id='word_1_193' title='bbox 105 2194 147 2241; x_wconf 88' lang='lat' dir='ltr'>sed</span> <span class='ocrx_word' id='word_1_194' title='bbox 165 2200 235 2240; x_wconf 92' lang='lat' dir='ltr'>totum</span> <span class='ocrx_word' id='word_1_195' title='bbox 250 2196 372 2255; x_wconf 87' lang='lat' dir='ltr'>Capitulum</span> <span class='ocrx_word' id='word_1_196' title='bbox 387 2198 594 2258; x_wconf 79' lang='lat' dir='ltr'>Metropolitanum,</span> <span class='ocrx_word' id='word_1_197' title='bbox 610 2199 696 2244; x_wconf 82' lang='lat' dir='ltr'>barone</span> <span class='ocrx_word' id='word_1_198' title='bbox 714 2198 741 2243; x_wconf 92' lang='lat' dir='ltr'>de</span> <span class='ocrx_word' id='word_1_199' title='bbox 756 2199 839 2243; x_wconf 88' lang='lat' dir='ltr'>Drostc</span> <span class='ocrx_word' id='word_1_200' title='bbox 854 2209 900 2241; x_wconf 93' lang='lat' dir='ltr'>non</span> <span class='ocrx_word' id='word_1_201' title='bbox 916 2207 959 2239; x_wconf 79' lang='lat' dir='ltr'>ex-</span> 
     </span>
     <span class='ocr_line' id='line_1_28' title="bbox 106 2266 958 2340; baseline 0 -19"><span class='ocrx_word' id='word_1_202' title='bbox 106 2281 185 2334; x_wconf 90' lang='lat' dir='ltr'>cepto,</span> <span class='ocrx_word' id='word_1_203' title='bbox 205 2276 247 2321; x_wconf 80' lang='lat' dir='ltr'>lias</span> <span class='ocrx_word' id='word_1_204' title='bbox 270 2280 414 2335; x_wconf 85' lang='lat' dir='ltr'>quaestiones</span> <span class='ocrx_word' id='word_1_205' title='bbox 436 2266 602 2340; x_wconf 89' lang='lat' dir='ltr'>proposuerunt</span> <span class='ocrx_word' id='word_1_206' title='bbox 620 2285 643 2324; x_wconf 92' lang='lat' dir='ltr'>et</span> <span class='ocrx_word' id='word_1_207' title='bbox 657 2294 767 2339; x_wconf 89' lang='lat' dir='ltr'>responsa</span> <span class='ocrx_word' id='word_1_208' title='bbox 783 2278 958 2338; x_wconf 84' lang='lat' dir='ltr'>postulauerunt.</span> 
     </span>
     <span class='ocr_line' id='line_1_29' title="bbox 109 2355 959 2420; baseline 0.004 -20"><span class='ocrx_word' id='word_1_209' title='bbox 109 2355 180 2401; x_wconf 88' lang='lat' dir='ltr'>Porro</span> <span class='ocrx_word' id='word_1_210' title='bbox 197 2356 277 2402; x_wconf 80' lang='lat' dir='ltr'>falstun</span> <span class='ocrx_word' id='word_1_211' title='bbox 298 2364 347 2417; x_wconf 91' lang='lat' dir='ltr'>est,</span> <span class='ocrx_word' id='word_1_212' title='bbox 366 2360 407 2405; x_wconf 88' lang='lat' dir='ltr'>has</span> <span class='ocrx_word' id='word_1_213' title='bbox 428 2366 523 2420; x_wconf 86' lang='lat' dir='ltr'>quatuor</span> <span class='ocrx_word' id='word_1_214' title='bbox 538 2362 680 2420; x_wconf 78' lang='lat' dir='ltr'>‹praestiones</span> <span class='ocrx_word' id='word_1_215' title='bbox 699 2373 727 2404; x_wconf 91' lang='lat' dir='ltr'>eo</span> <span class='ocrx_word' id='word_1_216' title='bbox 747 2359 858 2415; x_wconf 88' lang='lat' dir='ltr'>rediisse,</span> <span class='ocrx_word' id='word_1_217' title='bbox 877 2363 901 2403; x_wconf 86' lang='lat' dir='ltr'>ut</span> <span class='ocrx_word' id='word_1_218' title='bbox 921 2359 959 2403; x_wconf 90' lang='lat' dir='ltr'>in-</span> 
     </span>
     <span class='ocr_line' id='line_1_30' title="bbox 107 2436 959 2499; baseline 0.002 -18"><span class='ocrx_word' id='word_1_219' title='bbox 107 2436 253 2496; x_wconf 83' lang='lat' dir='ltr'>telligeretur,</span> <span class='ocrx_word' id='word_1_220' title='bbox 268 2443 340 2482; x_wconf 88' lang='lat' dir='ltr'>utrum</span> <span class='ocrx_word' id='word_1_221' title='bbox 355 2441 452 2497; x_wconf 90' lang='lat' dir='ltr'>creatio,</span> <span class='ocrx_word' id='word_1_222' title='bbox 468 2455 511 2499; x_wconf 89' lang='lat' dir='ltr'>qua</span> <span class='ocrx_word' id='word_1_223' title='bbox 528 2440 649 2499; x_wconf 82' lang='lat' dir='ltr'>Capitulum</span> <span class='ocrx_word' id='word_1_224' title='bbox 667 2440 770 2485; x_wconf 84' lang='lat' dir='ltr'>comiteur</span> <span class='ocrx_word' id='word_1_225' title='bbox 786 2438 813 2483; x_wconf 89' lang='lat' dir='ltr'>de</span> <span class='ocrx_word' id='word_1_226' title='bbox 829 2439 927 2498; x_wconf 81' lang='lat' dir='ltr'>Spicgel,</span> <span class='ocrx_word' id='word_1_227' title='bbox 944 2449 959 2483; x_wconf 84' lang='lat' dir='ltr'>a</span> 
     </span>
     <span class='ocr_line' id='line_1_31' title="bbox 107 2516 959 2578; baseline -0.002 -13"><span class='ocrx_word' id='word_1_228' title='bbox 107 2516 239 2575; x_wconf 89' lang='lat' dir='ltr'>Napoleone</span> <span class='ocrx_word' id='word_1_229' title='bbox 262 2520 392 2577; x_wconf 90' lang='lat' dir='ltr'>episcopum</span> <span class='ocrx_word' id='word_1_230' title='bbox 414 2523 566 2577; x_wconf 85' lang='lat' dir='ltr'>nominatum,</span> <span class='ocrx_word' id='word_1_231' title='bbox 587 2520 788 2566; x_wconf 86' lang='lat' dir='ltr'>administratorem</span> <span class='ocrx_word' id='word_1_232' title='bbox 811 2519 959 2578; x_wconf 88' lang='lat' dir='ltr'>Capitularern</span> 
     </span>
     <span class='ocr_line' id='line_1_32' title="bbox 109 2596 958 2661; baseline 0.002 -19"><span class='ocrx_word' id='word_1_233' title='bbox 109 2596 244 2658; x_wconf 80' lang='lat' dir='ltr'>delegerat,-</span> <span class='ocrx_word' id='word_1_234' title='bbox 256 2604 306 2644; x_wconf 85' lang='lat' dir='ltr'>rata</span> <span class='ocrx_word' id='word_1_235' title='bbox 327 2601 446 2646; x_wconf 89' lang='lat' dir='ltr'>essetnec</span> <span class='ocrx_word' id='word_1_236' title='bbox 461 2615 497 2646; x_wconf 88' lang='lat' dir='ltr'>ne.</span> <span class='ocrx_word' id='word_1_237' title='bbox 528 2601 590 2646; x_wconf 91' lang='lat' dir='ltr'>Haec</span> <span class='ocrx_word' id='word_1_238' title='bbox 608 2603 708 2660; x_wconf 89' lang='lat' dir='ltr'>quaestio</span> <span class='ocrx_word' id='word_1_239' title='bbox 728 2615 774 2647; x_wconf 92' lang='lat' dir='ltr'>non</span> <span class='ocrx_word' id='word_1_240' title='bbox 790 2601 895 2661; x_wconf 88' lang='lat' dir='ltr'>primaria</span> <span class='ocrx_word' id='word_1_241' title='bbox 909 2599 958 2657; x_wconf 86' lang='lat' dir='ltr'>fuit,</span> 
     </span>
     <span class='ocr_line' id='line_1_33' title="bbox 109 2680 959 2741; baseline 0.001 -17"><span class='ocrx_word' id='word_1_242' title='bbox 109 2680 151 2725; x_wconf 91' lang='lat' dir='ltr'>sed</span> <span class='ocrx_word' id='word_1_243' title='bbox 166 2680 310 2732; x_wconf 79' lang='lat' dir='ltr'>secundaria.</span> <span class='ocrx_word' id='word_1_244' title='bbox 343 2682 397 2727; x_wconf 92' lang='lat' dir='ltr'>Cum</span> <span class='ocrx_word' id='word_1_245' title='bbox 416 2682 475 2727; x_wconf 77' lang='lat' dir='ltr'>llaec</span> <span class='ocrx_word' id='word_1_246' title='bbox 492 2684 583 2741; x_wconf 91' lang='lat' dir='ltr'>scripsit</span> <span class='ocrx_word' id='word_1_247' title='bbox 594 2684 725 2740; x_wconf 88' lang='lat' dir='ltr'>Perronius,</span> <span class='ocrx_word' id='word_1_248' title='bbox 741 2697 770 2727; x_wconf 83' lang='lat' dir='ltr'>ex</span> <span class='ocrx_word' id='word_1_249' title='bbox 785 2682 893 2726; x_wconf 87' lang='lat' dir='ltr'>memoria</span> <span class='ocrx_word' id='word_1_250' title='bbox 909 2681 959 2725; x_wconf 91' lang='lat' dir='ltr'>eius</span> 
     </span>
     <span class='ocr_line' id='line_1_34' title="bbox 107 2751 957 2825; baseline 0 -20"><span class='ocrx_word' id='word_1_251' title='bbox 107 2761 153 2806; x_wconf 90' lang='lat' dir='ltr'>iam</span> <span class='ocrx_word' id='word_1_252' title='bbox 169 2751 283 2808; x_wconf 86' lang='lat' dir='ltr'>excidisse</span> <span class='ocrx_word' id='word_1_253' title='bbox 303 2766 414 2824; x_wconf 89' lang='lat' dir='ltr'>oportuit,</span> <span class='ocrx_word' id='word_1_254' title='bbox 432 2776 489 2823; x_wconf 87' lang='lat' dir='ltr'>quac</span> <span class='ocrx_word' id='word_1_255' title='bbox 505 2765 582 2812; x_wconf 92' lang='lat' dir='ltr'>eadem</span> <span class='ocrx_word' id='word_1_256' title='bbox 597 2766 679 2825; x_wconf 81' lang='lat' dir='ltr'>pagina</span> <span class='ocrx_word' id='word_1_257' title='bbox 697 2765 791 2810; x_wconf 80' lang='lat' dir='ltr'>dixerat.</span> <span class='ocrx_word' id='word_1_258' title='bbox 821 2762 877 2808; x_wconf 85' lang='lat' dir='ltr'>Nam</span> <span class='ocrx_word' id='word_1_259' title='bbox 891 2760 957 2820; x_wconf 93' lang='lat' dir='ltr'>paulo</span> 
     </span>
     <span class='ocr_line' id='line_1_35' title="bbox 109 2842 959 2905; baseline -0.001 -18"><span class='ocrx_word' id='word_1_260' title='bbox 109 2848 161 2888; x_wconf 89' lang='lat' dir='ltr'>ante</span> <span class='ocrx_word' id='word_1_261' title='bbox 176 2845 255 2902; x_wconf 87' lang='lat' dir='ltr'>tradit,</span> <span class='ocrx_word' id='word_1_262' title='bbox 276 2847 403 2905; x_wconf 80' lang='lat' dir='ltr'>„ltrostium</span> <span class='ocrx_word' id='word_1_263' title='bbox 420 2859 469 2890; x_wconf 91' lang='lat' dir='ltr'>cum</span> <span class='ocrx_word' id='word_1_264' title='bbox 486 2845 596 2905; x_wconf 79' lang='lat' dir='ltr'>Spiegelio</span> <span class='ocrx_word' id='word_1_265' title='bbox 618 2847 797 2892; x_wconf 88' lang='lat' dir='ltr'>communicasse</span> <span class='ocrx_word' id='word_1_266' title='bbox 814 2842 959 2887; x_wconf 90' lang='lat' dir='ltr'>retractatio-</span> 
     </span>
     <span class='ocr_line' id='line_1_36' title="bbox 108 2921 958 2982; baseline -0.001 -17"><span class='ocrx_word' id='word_1_267' title='bbox 108 2921 144 2965; x_wconf 93' lang='lat' dir='ltr'>nis</span> <span class='ocrx_word' id='word_1_268' title='bbox 160 2934 214 2965; x_wconf 90' lang='lat' dir='ltr'>suae</span> <span class='ocrx_word' id='word_1_269' title='bbox 233 2922 405 2981; x_wconf 86' lang='lat' dir='ltr'>documentum,</span> <span class='ocrx_word' id='word_1_270' title='bbox 420 2924 555 2982; x_wconf 82' lang='lat' dir='ltr'>Spiegelium</span> <span class='ocrx_word' id='word_1_271' title='bbox 575 2924 625 2969; x_wconf 90' lang='lat' dir='ltr'>dein</span> <span class='ocrx_word' id='word_1_272' title='bbox 642 2925 669 2968; x_wconf 87' lang='grc'>111</span> <span class='ocrx_word' id='word_1_273' title='bbox 688 2925 747 2970; x_wconf 92' lang='lat' dir='ltr'>omni</span> <span class='ocrx_word' id='word_1_274' title='bbox 765 2923 958 2968; x_wconf 88' lang='lat' dir='ltr'>administratione</span> 
     </span>
     <span class='ocr_line' id='line_1_37' title="bbox 110 3000 958 3064; baseline 0.001 -20"><span class='ocrx_word' id='word_1_275' title='bbox 110 3000 235 3061; x_wconf 81' lang='lat' dir='ltr'>destitisse,</span> <span class='ocrx_word' id='word_1_276' title='bbox 257 3007 375 3064; x_wconf 89' lang='lat' dir='ltr'>omniaque</span> <span class='ocrx_word' id='word_1_277' title='bbox 392 3006 452 3051; x_wconf 85' lang='lat' dir='ltr'>hona</span> <span class='ocrx_word' id='word_1_278' title='bbox 475 3004 596 3050; x_wconf 90' lang='lat' dir='ltr'>concordia</span> <span class='ocrx_word' id='word_1_279' title='bbox 619 3006 781 3064; x_wconf 60' lang='lat' dir='ltr'>processisset</span> <span class='ocrx_word' id='word_1_280' title='bbox 821 3002 958 3062; x_wconf 88' lang='lat' dir='ltr'>ltaque-non</span> 
     </span>
     <span class='ocr_line' id='line_1_38' title="bbox 109 3081 957 3148; baseline 0.001 -23"><span class='ocrx_word' id='word_1_281' title='bbox 109 3081 133 3126; x_wconf 93' lang='lat' dir='ltr'>id</span> <span class='ocrx_word' id='word_1_282' title='bbox 155 3085 292 3142; x_wconf 89' lang='lat' dir='ltr'>potissimum</span> <span class='ocrx_word' id='word_1_283' title='bbox 312 3088 471 3146; x_wconf 88' lang='lat' dir='ltr'>quaerebatur,</span> <span class='ocrx_word' id='word_1_284' title='bbox 488 3085 559 3131; x_wconf 86' lang='lat' dir='ltr'>ritene</span> <span class='ocrx_word' id='word_1_285' title='bbox 575 3086 697 3148; x_wconf 79' lang='lat' dir='ltr'>Spiegelius</span> <span class='ocrx_word' id='word_1_286' title='bbox 712 3087 810 3132; x_wconf 89' lang='lat' dir='ltr'>vicarius</span> <span class='ocrx_word' id='word_1_287' title='bbox 827 3082 957 3143; x_wconf 87' lang='lat' dir='ltr'>Capitularis</span> 
     </span>
     <span class='ocr_line' id='line_1_39' title="bbox 110 3156 957 3228; baseline 0 -21"><span class='ocrx_word' id='word_1_288' title='bbox 110 3156 206 3209; x_wconf 85' lang='lat' dir='ltr'>creatus</span> <span class='ocrx_word' id='word_1_289' title='bbox 220 3173 295 3225; x_wconf 90' lang='lat' dir='ltr'>esset,</span> <span class='ocrx_word' id='word_1_290' title='bbox 318 3168 359 3213; x_wconf 89' lang='lat' dir='ltr'>sed</span> <span class='ocrx_word' id='word_1_291' title='bbox 380 3167 454 3214; x_wconf 85' lang='lat' dir='ltr'>ritcne</span> <span class='ocrx_word' id='word_1_292' title='bbox 474 3171 543 3212; x_wconf 87' lang='lat' dir='ltr'>toturn</span> <span class='ocrx_word' id='word_1_293' title='bbox 565 3167 685 3228; x_wconf 85' lang='lat' dir='ltr'>Capitrdum</span> <span class='ocrx_word' id='word_1_294' title='bbox 709 3180 792 3212; x_wconf 84' lang='lat' dir='ltr'>nouum</span> <span class='ocrx_word' id='word_1_295' title='bbox 816 3166 957 3210; x_wconf 85' lang='lat' dir='ltr'>constitutum</span> 
     </span>
     <span class='ocr_line' id='line_1_40' title="bbox 110 3244 958 3309; baseline -0.002 -20"><span class='ocrx_word' id='word_1_296' title='bbox 110 3249 182 3304; x_wconf 86' lang='lat' dir='ltr'>esset,</span> <span class='ocrx_word' id='word_1_297' title='bbox 195 3245 218 3291; x_wconf 91' lang='lat' dir='ltr'>id</span> <span class='ocrx_word' id='word_1_298' title='bbox 236 3248 390 3307; x_wconf 82' lang='lat' dir='ltr'>quaere-batur.</span> <span class='ocrx_word' id='word_1_299' title='bbox 423 3246 488 3304; x_wconf 71' lang='lat' dir='ltr'>Quod</span> <span class='ocrx_word' id='word_1_300' title='bbox 507 3246 535 3294; x_wconf 85' lang='lat' dir='ltr'>ad</span> <span class='ocrx_word' id='word_1_301' title='bbox 551 3247 621 3308; x_wconf 79' lang='lat' dir='ltr'>ipsam</span> <span class='ocrx_word' id='word_1_302' title='bbox 636 3247 694 3293; x_wconf 86' lang='lat' dir='ltr'>harre</span> <span class='ocrx_word' id='word_1_303' title='bbox 705 3245 859 3309; x_wconf 83' lang='lat' dir='ltr'>qaaestionem</span> <span class='ocrx_word' id='word_1_304' title='bbox 873 3244 958 3298; x_wconf 89' lang='lat' dir='ltr'>attinet,</span> 
     </span>
    </p>
   </div>
   <div class='ocr_carea' id='block_1_3' title="bbox 0 0 997 3399">
    <p class='ocr_par' dir='ltr' id='par_1_3' title="bbox 0 0 997 3399">
     <span class='ocr_line' id='line_1_41' title="bbox 0 0 997 3399; baseline 0 0"><span class='ocrx_word' id='word_1_305' title='bbox 0 0 997 3399; x_wconf 95' lang='lat' dir='ltr'> </span> 
     </span>
    </p>
   </div>
  </div>
 </body>
</html>
