1979 3399
403 42 606 94 -eca-

73 199 181 231 stnnmam
197 184 374 238 venerationem,
391 194 435 239 qua
450 180 479 225 ad
495 193 545 224 eum
558 178 656 233 accessi,
667 187 756 232 semper
773 174 833 219 tenui
851 178 872 218 et
886 171 931 217 ad-

71 267 116 312 huc
133 264 232 324 cognovi
249 263 375 318 neminem,
401 274 467 319 quem
488 259 561 318 magis
584 262 608 302 nt
623 267 747 301 venerarer
762 254 878 312 impulsum
893 265 930 296 me

72 346 140 390 sensi.
172 344 237 388 Hunc
252 343 320 401 igitur
333 340 464 398 horninem,
490 340 527 398 qui
547 338 602 383 nihil
617 337 661 381 nisi
677 336 794 381 veritatem
812 334 930 391 quaesivit,

73 425 109 483 aui
126 423 214 470 veritati
230 420 388 479 ecclesiaeque
406 421 474 465 otimn
490 431 561 475 suum,
578 418 639 462 uires
654 428 707 460 suas
716 449 723 471 ,
747 414 816 459 vitam
834 413 931 470 deniqne

73 506 144 562 ipsam
161 502 299 561 gratificatus
318 506 365 558 est,
392 501 413 545 ei
432 501 547 555 obiicitur,
568 511 614 543 non
631 496 743 541 studuisse
766 508 816 539 eum
832 493 930 538 veritati.

72 585 159 630 ltlenior
177 583 223 627 loci
246 582 303 627 illius
327 581 467 641 evangelici:
488 580 524 638 ,Si
551 578 595 623 lroc
615 577 699 621 faciunt
720 576 744 619 in
772 573 838 618 viridi
861 572 932 632 ligno,

74 662 126 720 qaid
142 662 205 706 arido
222 662 279 718 siet,“
298 662 370 720 primo
389 661 461 706 statim
475 672 550 714 mane,
570 662 688 715 postquam
704 656 777 700 Breve
792 653 846 697 mihi
862 652 932 696 inno-

74 743 121 796 tuit,
139 746 258 799 postquam
274 742 378 786 lacrimas
395 740 476 796 effudi,
491 750 532 797 pro
548 737 672 783 Hermesio,
682 734 747 779 deum
762 736 867 791 precatus
883 744 931 775 sum

74 822 208 879 rogavique,
223 826 247 866 ut
263 820 375 865 ecclcsiae
393 832 447 864 suae
464 818 573 877 propitius
594 829 645 861 esse
662 814 729 870 velit,
752 817 774 856 et
794 817 839 856 tum
856 824 876 855 s.
893 823 933 855 sa-

73 899 180 943 crificium
198 901 284 958 peregi.
317 897 351 944 De
367 899 402 944 his
419 899 521 943 ominbus
537 896 592 940 nihil
608 895 714 950 dicerem,
730 892 774 936 nisi
791 904 877 947 omnes,
895 891 932 948 qui

72 978 212 1022 llormesium
232 980 316 1023 artiore
336 977 500 1022 consuetudine
521 977 657 1035 attigerunt,
677 973 845 1027 consentirent,
861 971 932 1014 uirum

73 1057 186 1114 insignem
207 1057 296 1113 luisse,
324 1058 368 1101 nisi
391 1069 470 1101 omnes
495 1055 683 1100 existimationem
710 1056 733 1095 et
760 1051 931 1095 venerationem

74 1134 147 1191 palam
171 1140 324 1193 testarentur,
348 1149 414 1194 quam
434 1148 510 1180 coram
526 1134 563 1179 illo
583 1136 709 1178 senserunt.
742 1132 797 1185 Quis
813 1130 886 1189 magis
903 1140 931 1172 eo

74 1214 185 1271 ingenuus
201 1215 257 1270 suit,
280 1217 329 1272 quis
351 1216 425 1260 animo
448 1215 611 1269 submissiore,
636 1214 685 1272 quis
702 1212 777 1256 acrior
793 1209 877 1254 uindex
893 1209 932 1252 iu-

73 1293 116 1347 sti,
132 1294 196 1349 veri,
215 1294 320 1347 virtutis,
338 1295 387 1350 quis
403 1295 476 1352 magis
491 1294 540 1352 pius
557 1293 597 1337 snit
617 1305 683 1351 quam
705 1291 759 1335 ille?
797 1289 933 1348 Responde-

72 1371 140 1426 liunt,
170 1385 207 1416 me
230 1371 292 1429 loqui
319 1373 413 1430 partium
438 1372 513 1417 studio
537 1377 628 1416 motum.
674 1371 763 1415 llinime
784 1382 863 1425 vero,
886 1381 932 1412 non

71 1450 153 1507 loquor
172 1452 267 1509 partium
284 1451 359 1495 studio
377 1451 469 1509 ductuS,
491 1452 533 1496 sed
551 1464 627 1495 coram
649 1450 692 1494 deo
711 1449 832 1493 considero
854 1453 877 1491 ct
892 1461 933 1492 re-

71 1534 138 1586 puto,
156 1530 207 1573 dum
223 1530 281 1574 haec
299 1530 392 1586 scribo,
410 1530 463 1587 quid
480 1530 556 1574 dicere
573 1529 695 1587 testarique
710 1529 792 1584 liceat,
808 1527 860 1586 (prid
877 1540 932 1571 non.

74 1609 204 1653 Hermesius
222 1609 276 1653 milri
297 1613 389 1666 patruus
407 1608 464 1665 suit,
487 1609 622 1653 benefactor
645 1621 723 1661 meus,
746 1620 845 1651 smnnms
868 1619 932 1650 meus

15 1669 19 1673 ¹
72 1687 213 1744 benefactor,
230 1689 267 1745 qui
284 1700 319 1731 me
336 1701 391 1732 uere
408 1692 429 1731 et
446 1688 544 1732 fortasse
561 1687 675 1731 ardentius
689 1686 766 1730 dilexit
777 1698 932 1744 rpramparens

72 1772 180 1823 uterque,
196 1768 245 1810 sine
262 1767 306 1810 fine
325 1767 433 1823 dolerem,
451 1768 471 1811 si
487 1781 541 1810 uera
559 1771 635 1810 essent
653 1779 710 1824 quae
727 1766 875 1820 obiiciantur,
890 1764 931 1808 sed

73 1857 119 1888 non
137 1858 191 1888 vcra
207 1849 270 1901 sunt,
293 1845 347 1889 nihil
363 1845 472 1889 adversus
489 1847 607 1890 ueritatem
626 1850 710 1901 testor,
733 1849 755 1888 et
771 1856 857 1887 memor
873 1843 932 1887 illius

74 1924 238 1981 ingratissimus
257 1937 345 1986 essem,
366 1925 386 1968 si
403 1925 431 1968 ad
450 1938 500 1969 eum
518 1923 683 1968 defendendum
701 1923 800 1967 dicerem
819 1935 876 1980 quae
892 1936 932 1966 ra-

74 2002 135 2045 tione
152 2007 262 2045 carerent.
294 2003 344 2047 Non
359 2002 439 2047 melior
455 2003 491 2047 ille
506 2004 579 2048 rideri
598 2003 674 2059 voluit,
692 2016 757 2059 quam
768 2007 835 2057 esset,
851 2002 932 2046 nullius

72 2080 127 2123 lucri
146 2065 214 2124 causa
236 2083 257 2124 ei
273 2080 427 2138 probabantur
450 2094 507 2138 quae
530 2094 585 2124 vera
607 2094 654 2124 non
677 2083 760 2123 essent.
792 2079 841 2123 Hoc
858 2079 894 2122 ille
910 2084 932 2123 et

72 2170 130 2201 voce
146 2163 168 2202 et
185 2158 288 2216 exernplo
312 2158 403 2214 docuit,
427 2158 471 2203 hoc
493 2159 530 2203 ille
555 2159 708 2217 exposcehat3
732 2157 845 2217 quomodo
864 2158 931 2216 igitur

73 2236 137 2279 aliter
153 2249 181 2280 ae
198 2249 330 2294 persuasum
348 2236 401 2280 milri
415 2242 477 2280 esset
493 2238 552 2281 illum
572 2237 673 2293 laudare,
689 2237 761 2295 magis
772 2236 931 2292 eumlaudarc,

75 2326 140 2370 quam
165 2313 245 2374 dignus
266 2313 333 2358 laude
357 2319 431 2370 esset,
455 2314 564 2371 possem?
595 2314 640 2359 Sed
655 2327 684 2358 ne
701 2315 751 2371 quis
771 2313 830 2357 hanc
850 2326 931 2358 vocem

74 2403 144 2447 prave
161 2392 271 2448 accipiat,
294 2404 340 2434 non
361 2391 410 2435 laus
431 2391 489 2434 haec
506 2396 554 2447 est,
576 2392 643 2434 immo
660 2392 720 2435 nuda
738 2396 760 2435 et
775 2404 831 2448 pura
847 2392 930 2436 ueritas

73 2473 115 2528 cst.
148 2467 210 2510 Haec
226 2467 302 2511 laudat
317 2468 457 2511 Hermesium
473 2472 495 2510 et
511 2468 538 2510 ab
557 2468 617 2510 omni
637 2481 687 2511 eum
704 2470 848 2514 accusatione
870 2470 930 2514 libe-

74 2549 116 2588 rat.
133 2545 240 2589 Sexcenti
257 2544 301 2588 lroc
316 2549 407 2601 praeter
422 2556 458 2587 me
474 2548 588 2599 testantur,
603 2545 690 2603 iamque
705 2546 764 2591 fama
781 2549 829 2593 eius
844 2562 930 2606 perva-

73 2623 186 2679 situsque
205 2622 234 2667 ad
249 2621 362 2680 populum,
379 2622 416 2680 qui
433 2636 482 2667 eum
497 2627 520 2666 ut
537 2622 608 2667 virum
621 2629 835 2684 praeceptoremque
846 2628 869 2671 in
880 2629 929 2686 pri-

73 2701 115 2744 mis
132 2701 285 2745 venerabilem
306 2701 433 2745 aestimarit
456 2700 626 2761 honoravitque.
664 2703 701 2747 Ad
718 2703 862 2748 humilitatem
879 2707 928 2749 eius

73 2779 133 2835 qarod
150 2780 234 2834 attinet,
249 2779 377 2836 plenissime
395 2779 501 2836 agnorit,
518 2793 556 2833 se,
575 2782 682 2839 quidquid
700 2784 741 2839 sit,
759 2783 782 2827 id
799 2788 868 2826 totum
884 2783 927 2827 deo
947 2763 954 2773 ι

73 2860 189 2914 acceptum
204 2857 298 2901 referre.
330 2858 376 2902 Nos
393 2859 539 2902 instrmnenta
555 2871 630 2904 sumus
644 2861 667 2903 in
685 2874 752 2904 manu
768 2861 820 2916 dei,
844 2861 874 2904 ita
892 2861 928 2905 di-

74 2947 127 2978 cere
145 2935 239 2979 solebat.
272 2937 365 2980 Tantum
381 2949 436 2980 vero
453 2935 538 2992 aberat,
557 2943 580 2981 ut
596 2939 686 2983 nimium
700 2939 728 2983 de
744 2952 769 2983 se
788 2941 887 2994 sentiret,
904 2945 928 2983 ut

75 3014 140 3080 otiam
156 3014 184 3057 de
199 3014 322 3072 diligentia,
340 3028 405 3071 qaam
423 3019 497 3058 tamen
513 3028 605 3072 prorsus
622 3016 757 3075 singularem
773 3018 796 3061 in
812 3031 839 3062 eo
856 3018 927 3062 fuisse

74 3100 151 3133 omnes
167 3099 326 3150 agnoverunt,
347 3106 393 3138 non
408 3106 493 3138 vacuus
509 3106 560 3139 esse
578 3110 591 3142 a
606 3097 783 3155 reprehensione
800 3098 843 3143 sihi
859 3098 926 3142 vide-
