1979 3399
402 112 435 122 ·-
478 90 605 138 258-

70 228 97 274 tis
114 227 217 274 abierunt
233 224 342 269 semivivo
355 223 457 269 relicto.v
475 222 565 268 Accidit
580 226 662 280 autem,
677 228 701 267 ut
717 224 827 270 sacerdos
844 226 933 285 quidam

71 307 222 354 descenderet
240 305 320 350 eadem
337 306 387 362 via,
404 310 426 349 et
444 305 492 349 viso
511 303 549 348 illo
563 304 700 361 praeterivit.
729 305 834 350 Similiter
850 312 873 350 et
889 307 935 350 Le-

70 390 133 442 vita,
160 398 209 429 cum
231 391 292 430 esset
309 399 376 431 secus
393 387 466 430 locum
484 389 507 428 et
524 383 611 428 videret
627 397 690 440 eum,
707 386 842 442 pertransiit.
880 387 933 429 Luc.

72 468 108 524 ld,
127 466 156 510 30
178 479 226 523 sqq.

137 545 197 589 ldern
217 544 277 603 quod
292 545 345 589 huic
362 543 446 589 infelici
464 544 629 602 peregrinatori
647 542 852 601 llicrosolpmitano
870 546 935 590 etiam

72 624 190 669 Hernresio
208 623 298 667 accidit.
332 623 413 668 Incidit
429 625 452 668 in
470 637 548 668 manus
565 624 706 668 inimicorum
723 637 827 668 suorum:
850 624 872 669 hi
890 626 935 669 bo-

73 718 125 749 nam
142 703 224 748 famam
242 703 264 747 ei
280 704 400 762 eripuere,
426 708 448 747 et
467 716 496 748 eo
520 716 591 761 usque
614 704 731 763 progressi
747 709 814 769 sunt,
839 709 862 749 ut
878 704 936 748 male

73 788 192 829 tractatum
215 788 237 828 et
253 783 371 842 spoliatum
388 784 527 842 magistratui
544 789 648 841 tanquam
665 784 788 828 maleficum
811 784 933 829 traderent.

73 865 118 910 lam
143 864 205 908 multi
228 857 361 910 sacerdotes
380 868 402 907 et
416 864 509 908 Levitae
532 864 594 909 surdi
615 869 744 920 transeunt;
770 878 799 908 nc
823 865 936 909 accedere

73 945 162 1003 quidem
185 944 284 1001 audent,
308 946 367 1003 quod
390 949 465 988 tamen
481 945 559 989 Levita
574 945 597 988 in
613 943 733 1002 evangelio
752 944 820 1002 lacit,
842 946 937 1004 nequis

74 1026 164 1072 elamet:
187 1024 216 1068 Et
230 1030 252 1068 ta
272 1039 322 1070 cuna
340 1026 441 1071 Goliloeo
456 1026 523 1070 eros!
555 1025 697 1084 „troclodita
716 1024 745 1069 ad
763 1039 819 1083 quos
839 1027 938 1071 eircum-

74 1107 181 1151 sistenies
203 1110 349 1149 accesserant
372 1109 394 1149 et
410 1105 476 1163 paulo
501 1105 565 1150 altius
582 1106 735 1150 clamaverant
754 1106 800 1160 ita,
825 1110 849 1149 ut
865 1103 937 1148 audiri

75 1187 98 1230 id
116 1190 201 1244 posset,
220 1198 288 1243 „sane
306 1190 329 1229 tu
346 1198 434 1243 quoque
452 1198 477 1230 es
489 1199 546 1230 unns
563 1198 593 1229 ex
607 1184 650 1241 his,
666 1185 742 1244 lingna
756 1186 836 1244 quippe
847 1190 937 1243 tepro-

74 1265 125 1321 dits
152 1265 210 1308 adeo
228 1266 399 1309 exsecrationes
419 1269 567 1322 susceperunt
583 1270 605 1309 et
621 1267 747 1312 iuramento
765 1265 937 1320 affirmaverunt,

73 1345 115 1390 sibi
131 1343 191 1387 lrunc
207 1343 321 1388 hominem
338 1345 452 1404 cognitum
468 1357 514 1388 non
532 1345 599 1389 esse!
623 1344 673 1402 Ego
691 1357 746 1389 vero
763 1345 786 1389 in
801 1344 866 1390 liuius
883 1357 936 1390 ser-

69 1424 143 1469 monis
160 1425 342 1468 communionem
366 1425 400 1470 ire
417 1424 500 1480 nolim,
522 1430 612 1482 praeter
636 1424 695 1469 hunc
718 1424 792 1470 locum
814 1426 938 1484 praefesti-

72 1517 128 1550 nare
160 1503 243 1559 nolim‚
270 1505 337 1548 immo
368 1503 429 1546 omni
455 1515 508 1546 cura
533 1507 556 1546 et
578 1502 656 1547 labore
681 1504 754 1549 enitar
782 1510 867 1564 (atque
893 1505 938 1549 lroc

74 1587 146 1643 ipsum
174 1584 223 1627 sine
249 1583 337 1627 scelere
372 1583 520 1641 praetermitti
551 1596 598 1627 non
615 1576 735 1641 potest),
768 1589 792 1628 ut
825 1585 939 1630 innocen-

75 1668 105 1710 tia
131 1665 237 1723 ignorata
261 1662 323 1707 salva
342 1659 439 1716 evadat,
461 1666 485 1705 nt
507 1661 587 1705 iniuria
613 1666 635 1705 et
660 1660 794 1704 contumelia
820 1674 867 1705 non
888 1675 939 1706 me-

74 1746 131 1800 rita,
163 1748 269 1802 quantum
290 1742 339 1786 lieri
361 1741 448 1799 possit,
469 1739 565 1784 tollatur.
599 1741 653 1793 Quis
669 1741 737 1798 igitur
754 1753 799 1784 non
820 1740 964 1805 concedat„

76 1825 96 1868 si
120 1835 164 1881 ego
188 1823 313 1880 exemplum
329 1821 403 1865 imitor
420 1820 566 1876 Samariam,
582 1820 602 1864 si
618 1832 695 1864 eorum
713 1820 859 1865 cardinalium
880 1822 938 1866 emi-

77 1900 273 1956 nentissimorum,
297 1899 335 1956 qui
359 1909 442 1942 nornen
458 1896 585 1941 Bellarmini
601 1910 613 1941 a
631 1899 765 1957 contumelia
782 1900 842 1944 haud
859 1900 938 1945 merita

75 1979 264 2035 vindicaverunt,
283 1979 303 2024 si
320 1990 364 2037 ego
386 1981 465 2021 testem
490 1975 687 2035 locupletissimum
704 1981 771 2026 laudo
790 1994 840 2024 eum
857 1981 937 2038 virum,

78 2061 116 2118 qui
132 2073 217 2105 summa
233 2059 278 2104 frdc
294 2064 317 2104 et
334 2058 394 2104 omni
412 2058 493 2102 virtute
515 2058 630 2116 praeditus
655 2065 720 2117 erat,
748 2060 784 2120 qui
804 2060 875 2117 probe
895 2062 938 2105 scit

78 2141 141 2185 cuius
158 2141 193 2184 rei
209 2141 273 2184 testis
289 2140 334 2196 sit,
362 2152 428 2198 quum
445 2136 556 2183 Hennesii
582 2139 666 2197 hospes
689 2138 756 2183 fuerit
773 2144 795 2184 et
812 2139 936 2197 familiaris,

76 2222 138 2265 cuius
154 2220 234 2279 religio
251 2232 325 2277 paene
342 2217 474 2274 scrupulosa
485 2218 588 2262 omnibus
606 2220 643 2277 qui
659 2232 709 2263 eum
725 2221 874 2278 epropinquo
893 2234 936 2265 co-

74 2304 203 2358 gnoverunt
224 2300 279 2344 satis
305 2303 359 2342 nota
375 2297 433 2352 fnit,
460 2297 542 2354 quiqne
562 2310 617 2342 vera
642 2299 800 2342 aestimatione
826 2301 936 2346 sacerdos

77 2380 171 2435 optimus
188 2377 236 2434 fuit,
255 2378 305 2422 dico
325 2376 466 2420 Gerlrordtnn
483 2377 603 2434 Ioseplnnn
620 2377 769 2434 Harmesirnn,
787 2378 862 2425 fratris
877 2383 938 2427 Her-

77 2456 143 2500 mesii
163 2455 247 2511 filium,
272 2456 309 2513 qni
335 2455 433 2498 vicarius
453 2455 557 2498 residens
580 2458 602 2500 in
624 2457 684 2501 vico·
699 2457 795 2502 Traiano
823 2459 936 2507 dioecesis

80 2533 223 2578 Coloniensis
241 2532 278 2577 die
297 2531 326 2576 96
342 2531 394 2575 llaii
411 2530 487 2586 1837,
511 2531 591 2576 eodem
614 2533 651 2577 die
672 2548 715 2594 que
731 2543 822 2595 paunus
837 2547 936 2587 1110erOE

79 2618 134 2669 crat,
153 2618 226 2658 morte
242 2612 301 2656 eheu
318 2615 467 2670 praematura,
484 2612 529 2655 vita
544 2615 649 2660 excessit.
682 2615 804 2674 Epistolam
821 2633 879 2678 quae
897 2633 937 2666 se-

80 2696 153 2753 quitur
169 2692 206 2737 ille
222 2692 288 2749 paulo
307 2696 358 2749 post
373 2690 446 2735 Breve
472 2690 597 2749 evulgatum
616 2691 752 2753 composuit3
776 2699 862 2744 infirma
882 2713 937 2745 ecr-

78 2773 140 2833 por·Is
156 2771 284 2815 valetudine
303 2770 421 2828 impeditus
438 2774 485 2825 est,
504 2775 621 2828 quominus
637 2777 748 2833 expoliret
764 2791 822 2836 quae
838 2779 937 2823 inchoa-

79 2857 143 2898 verat
159 2853 251 2909 ipseque
266 2851 351 2894 ederet.
396 2849 442 2895 Sed
464 2850 500 2893 vel
521 2853 554 2896 sic
576 2855 711 2920 luculentum
727 2861 748 2900 et
765 2858 881 2916 egregium
898 2859 936 2902 in·-

79 2929 200 2975 nocentiae
215 2929 325 2974 Hermesii
342 2928 492 2974 testimonium
510 2929 567 2975 illam
585 2933 701 2991 epistolam
717 2933 825 2981 lralremus
842 2950 936 2995 eamque

81 3010 109 3054 oh
127 3022 217 3055 causam
235 3023 284 3053 oum
300 3009 422 3054 lectoribus
440 3012 604 3057 connnunioare
621 3013 738 3058 voluimus.
