1979 3399
401 130 604 182 -166--

76 291 146 324 eausa
161 275 298 336 praescripta
311 277 368 319 sunt.
384 273 479 318 Primum
494 271 523 317 ad
541 271 807 330 imperiumAustriacum
821 287 863 319 nos
873 287 932 320 con-

75 359 188 403 vertimus.
204 356 263 401 Satis
274 354 388 414 cognitum
401 360 442 414 est,
459 354 623 401 recentioribus
639 341 932 413 temporibusoccasionem

76 438 165 495 saepius
185 435 282 481 oblatam
298 449 359 494 esse,
376 443 400 483 ut
415 437 487 483 civilis
502 437 588 496 imperii
605 437 719 482 Austriaci
735 441 835 496 potestas
853 452 894 484 eos
910 440 934 484 in

76 517 183 563 iudicium
199 524 335 577 arcesseret,
349 522 386 580 qui
403 521 427 565 in
444 520 574 565 haereticae
592 518 709 563 doctrinae
726 519 877 579 suspicionem
891 533 935 564 vc-

75 599 169 644 nissent.
185 599 228 644 vlhi
247 601 306 645 enim
323 602 394 648 ciuilis
411 606 518 667 potestas,
536 613 581 645 non
597 599 713 659 praesules
731 600 890 657 ecclesiastici,
906 600 934 644 ah

25 739 27 742 y
76 681 198 727 haereticis
219 687 242 727 et
265 682 337 728 abiis
358 682 437 742 quihus
452 682 555 728 haeresis
575 682 629 726 uitio
646 682 740 727 verano
761 682 870 727 rationem
891 694 936 740 po-

76 764 157 822 poscit.
190 761 438 810 Rationis'reddendae
455 763 512 809 haec
533 764 590 808 ratio
614 763 661 808 luit.
696 763 840 823 lncpurehant
858 763 936 807 consi-

76 845 107 890 lia
124 846 204 905 quihus
227 859 255 891 ea
276 859 314 891 res
332 845 451 890 commissa
468 849 522 890 erat.
561 843 711 889 Consiliorum
729 857 807 889 eorum
825 844 935 904 collegas,

79 930 165 985 partem
184 931 246 971 certe
263 939 347 982 eorum,
365 939 394 970 cn
411 924 490 970 ordine
507 925 639 970 clericorum
656 931 756 984 sumptos
773 938 841 983 esse,
857 925 885 970 oh
902 927 937 970 rei

79 1013 182 1053 naturam
197 1020 238 1067 par
255 1012 310 1053 erat.
343 1006 465 1072 Imperator
483 1007 569 1052 creavit
585 1020 625 1052 eos
643 1007 679 1065 qui
696 1007 720 1052 in
736 1007 836 1052 consiliis
854 1012 937 1064 essent,

82 1090 177 1135 consilia
193 1090 242 1147 ipsa
257 1088 347 1133 nonnisi
363 1086 493 1133 referebant
509 1093 531 1132 et
546 1087 684 1144 suadebant,
708 1089 761 1148 quid
783 1088 811 1132 de
829 1093 935 1133 accusato

81 1170 222 1217 statuendum
241 1174 307 1215 esset.
349 1169 478 1228 Supremunr
502 1174 575 1213 autem
599 1159 705 1214 iudicium
727 1183 817 1227 semper
834 1169 862 1214 cib
886 1169 937 1226 ipso

83 1251 225 1310 Imperatore
242 1252 310 1295 latum
326 1254 382 1297 est..
405 1250 482 1308 ltaque
499 1252 522 1295 in
538 1255 599 1294 terra
614 1251 734 1314 Austriaea
751 1250 822 1295 civilis
838 1254 938 1309 potestas

80 1332 172 1389 indicat,
191 1331 230 1376 ubi
246 1332 295 1389 quis
310 1330 434 1375 haereseos
451 1330 598 1388 convincitur,
614 1343 661 1375 non
676 1328 781 1376 ecclesia
814 1331 837 1377 Si
854 1331 939 1375 haere-

82 1415 141 1459 ticus
159 1426 188 1458 ex
201 1424 295 1468 numero
312 1409 482 1470 protestantium
501 1416 553 1468 est,
579 1410 601 1455 h.
620 1425 640 1455 e.
664 1413 683 1456 si
704 1413 753 1470 quis
767 1411 938 1470 protestantium

80 1496 185 1554 peccarit
200 1494 223 1538 in
239 1494 364 1538 doctrinam
380 1492 487 1536 lihrorum
503 1505 594 1537 snorum
604 1491 788 1551 symbolicorum,
805 1492 886 1537 eadem
898 1505 939 1536 ra-

82 1577 144 1621 tione
162 1574 248 1633 agitur,
270 1572 405 1617 etiamtunc
427 1571 554 1629 [inperator
570 1572 621 1617 licet
635 1573 684 1630 ipse
702 1572 834 1618 catholicam
850 1572 939 1631 religio.

83 1670 134 1707 rtem
148 1651 284 1713 profiteatur
301 1652 407 1697 decernit.

144 1736 191 1780 lam
208 1738 315 1792 apparet,
333 1733 432 1792 collegas
450 1733 535 1777 ordinis
551 1733 677 1777 Bonnensis
695 1745 741 1776 non
758 1746 786 1777 eo
801 1746 939 1793 progressos

86 1830 145 1873 esse,
161 1827 205 1875 quo
223 1814 293 1858 civilis
310 1817 410 1871 potestas
427 1814 545 1857 Austriaea
561 1826 586 1856 re
602 1826 656 1857 vera
673 1813 822 1873 progreditur.
848 1815 940 1860 Consilii

87 1898 223 1942 electionem
241 1907 287 1939 non
310 1893 339 1938 ad
358 1893 446 1937 ciuilem
466 1897 611 1951 potestatem,
634 1892 675 1938 sed
698 1893 727 1937 ad
748 1893 941 1954 archiepiscopum

87 1983 110 2022 et
134 1980 262 2023 accusatum
286 1973 427 2030 detulerunt,
453 1986 525 2032 eoque
550 1973 719 2032 archiepiscopo
742 1974 871 2020 Coloniensi
893 1975 942 2034 plus

86 2057 141 2101 iuris
162 2059 340 2111 concesserant,
369 2067 433 2113 quam
450 2054 521 2098 ciuilis
538 2058 638 2112 potestas
654 2053 773 2100 Austriaca
789 2055 835 2099 suis
851 2055 943 2113 episco-

37 2182 39 2184 ,
85 2137 121 2194 pie
138 2140 161 2180 et
177 2136 354 2196 archiepiscopis
370 2148 451 2193 reapse
468 2133 582 2180 concedit.

151 2218 221 2275 Regia
239 2223 340 2276 potestas
352 2214 583 2274 Wiirtemhergensis,
601 2229 650 2260 cunr
668 2215 769 2260 ordinem
785 2214 943 2274 theologorum

89 2296 251 2342 catholicorum
269 2298 430 2352 constitueret,
448 2297 472 2339 in
489 2308 566 2351 causa,
584 2296 612 2339 de
627 2308 670 2352 qua
686 2295 809 2353 loquimur,
825 2295 882 2338 haec
901 2294 944 2338 de-

89 2375 177 2420 finivit:

154 2460 189 2513 ,ยง.
203 2454 238 2500 14.
264 2454 288 2500 Si
305 2453 358 2512 quid
374 2453 493 2509 acciderit,
510 2452 570 2510 quod
586 2454 696 2511 superiori
713 2454 852 2513 magistratui
867 2452 945 2498 ecole-

91 2537 185 2582 siastieo
209 2537 232 2580 in
258 2536 301 2581 hac
318 2540 378 2579 terra
395 2546 472 2577 ansam
487 2533 612 2592 suppeditet
630 2534 755 2592 inquirendi
778 2536 800 2579 in
818 2548 872 2591 eos,
893 2534 945 2592 qui-

91 2617 133 2662 hus
150 2616 274 2661 doctrinam
291 2614 403 2659 ecclcsiae
420 2612 509 2657 tradere
528 2617 669 2659 connnissunr
686 2622 734 2672 est,
751 2601 894 2675 magistratus
908 2615 945 2660 ille

90 2697 149 2741 hane
164 2710 213 2740 rem
229 2695 304 2740 addita
323 2707 392 2739 causa
408 2693 437 2737 ad
453 2695 538 2752 regium
555 2696 701 2741 ministerium
717 2711 792 2742 rernm
808 2698 946 2741 internarum

91 2783 114 2822 et
129 2779 163 2823 rei
180 2778 349 2823 ecclesiasticae
370 2774 565 2834 scholasticaeque
589 2783 640 2822 ante
654 2778 751 2830 deleret
774 2783 795 2822 et
812 2780 946 2824 commissa-

90 2858 147 2903 rium
164 2871 227 2903 suum
244 2858 331 2902 adhoc
347 2857 463 2915 negotium
476 2855 629 2914 demandahit3
647 2872 691 2916 quo
703 2859 762 2903 lacto
779 2858 867 2903 additur
882 2872 947 2903 eom-

92 2939 207 2984 missarius
228 2940 317 2999 regius,
334 2943 357 2982 ut
372 2937 519 2983 communiter
539 2938 659 2996 imprirant.
699 2940 761 2993 Quae
781 2939 947 2998 inquisitionem

95 3031 144 3064 eam
161 3026 344 3079 consequantur,
370 3019 513 3077 magistratus
537 3018 606 3063 civilis
630 3026 652 3065 et
675 3021 842 3066 ecclesiasticus
859 3021 946 3065 consti-

95 3103 170 3156 tuent,
193 3106 215 3144 ct
231 3114 244 3144 a
261 3102 325 3158 regio
342 3099 465 3145 ministerio
490 3112 562 3144 rerum
584 3102 721 3145 internarum
744 3105 766 3144 et
782 3100 815 3145 rei
834 3100 947 3144 ecclesia-

94 3180 165 3225 sticae
182 3181 374 3241 scholasticaeoue
392 3182 476 3228 certior
498 3180 534 3225 liet
554 3182 609 3227 ordo
626 3181 782 3241 theologorum
802 3181 828 3225 de
845 3182 880 3237 iis,
897 3180 947 3239 qui-

93 3262 135 3307 hus
151 3274 207 3320 opus
226 3260 311 3307 fueras
