1979 3399
405 112 442 125 -
472 72 537 139 ‘ass
573 114 610 128 -

77 229 219 276 inclinamus.
236 223 349 277 Sedzvide
369 224 423 270 mihi
441 226 465 271 in
480 225 557 285 quales
574 230 597 271 et
620 230 714 285 quantas
731 227 776 272 iam
795 221 936 273 difficultates

82 313 230 358 incurramus.
267 305 328 353 Velis
353 307 466 365 ternisque
490 306 624 366 Charphdim
648 308 790 366 praetervehi
816 321 937 366 conamur,

84 394 201 449 statimque
217 390 240 433 iu
256 388 351 447 Scyllam
368 389 499 435 incidimus!
545 391 630 449 Quippe
646 403 692 434 non
714 389 782 435 modo
801 389 880 434 carthae
896 388 937 433 la-

81 471 232 518 trcdactioues
248 470 359 516 Hermesii
385 474 467 517 vetitae
491 477 557 529 sarrit,
584 474 651 517 etiam
673 471 807 531 Dcptrmticn
830 471 938 527 eiusdem,

82 553 153 597 trihus
169 551 318 597 uoluminibus
335 555 449 612 exposita,
471 554 495 599 in
512 554 588 599 indice
611 553 681 599 relata
701 559 742 599 cst.
785 552 830 599 Sed
845 553 938 611 primum

82 635 187 680 uolumen
203 635 352 694 Dogmaticae
369 636 457 681 demum
471 636 511 682 sul]
529 636 614 680 initium
632 637 684 680 auiti
702 632 769 692 tata,
786 635 878 680 altarum
895 648 938 679 co-

84 716 136 762 dem
160 728 218 760 anno
241 716 331 773 medio,
359 722 495 776 postreumm
512 718 603 761 innume
627 729 686 761 anno
713 718 772 763 1835
797 718 879 761 editum
896 721 937 761 cst.

82 797 201 851 Quomodo
217 799 286 858 igitur
301 798 350 843 heri
364 797 448 855 potuit,
464 799 487 841 ut
502 794 625 854 exploratio
644 809 721 841 eorum
740 797 784 840 iam
801 809 860 841 anno
880 794 938 841 1833

82 879 194 937 inciperet
208 885 230 924 et
246 881 295 925 iere
310 881 366 924 datos
384 891 456 923 cataros
474 879 570 935 duraret⁷
589 892 639 923 cum
654 879 727 923 Breve
741 891 819 923 riieirse
836 879 939 937 Septem-

81 962 128 1008 bris
146 963 273 1021 evulgatum
289 962 336 1006 sit?
361 962 407 1006 lam
422 974 488 1006 neum
506 966 551 1006 tarn
567 961 616 1005 sine
633 960 704 1005 oculis
719 961 785 1018 uiuit,
800 965 823 1005 ut
839 973 885 1005 non
902 961 940 1005 ri-

83 1043 285 1101 reuereri-onium,
302 1045 322 1089 si
337 1044 360 1089 id
372 1045 510 1103 propositum
522 1046 661 1102 sequeretur,
679 1048 703 1087 ut
714 1043 822 1087 adversus
831 1055 849 1086 s.
862 1041 940 1087 sedem

84 1123 202 1181 scriberet,
220 1125 239 1170 si
256 1124 315 1169 idem
332 1124 359 1169 ah
377 1124 488 1170 ecclesiae
507 1123 630 1168 catholicae
652 1122 754 1170 hostibus
773 1137 814 1183 pro
830 1123 940 1168 eiusmodi

85 1218 155 1265 opera
171 1206 288 1264 pecuniam
299 1206 432 1265 accepisset,
449 1204 528 1250 melius
538 1204 676 1263 propositum
688 1205 797 1264 consequi
809 1216 854 1248 non
863 1215 939 1262 posse,

85 1299 151 1347 quam
168 1287 241 1333 adhuc
257 1287 327 1332 l'eoiti

86 1565 210 1628 Quomodo
226 1565 360 1614 Perronius
380 1565 551 1621 intellexerit,
574 1570 681 1627 systema
696 1562 882 1613 Hermesiuamn
899 1579 940 1613 su-

150 1650 240 1695 stineri
256 1661 302 1693 aon
318 1660 401 1708 posse.

152 1786 272 1842 Postquam
286 1784 406 1829 Perronius
425 1783 536 1838 narravit,
552 1781 665 1840 quoinodc
683 1794 700 1826 s.
717 1781 866 1841 inquisitionis
883 1797 942 1830 con-

88 1867 194 1929 gregatio
212 1865 320 1910 adversus
335 1865 475 1909 Hermesirun
498 1865 570 1923 egerit
591 1869 614 1909 et
634 1877 756 1924 progressa
772 1868 816 1923 sit,
846 1868 942 1925 episodii

89 1951 156 2007 loco,
182 1960 226 2006 quo
241 1948 329 2005 (pridem
345 1947 455 2006 imperitia
472 1946 519 1991 eius
537 1949 559 1990 in
577 1947 644 1991 robus
660 1947 805 2006 disponendis
823 1949 942 1996 nranifesto

90 2029 281 2090 deprehenditur,
299 2032 391 2090 exponit
407 2028 459 2088 quid
478 2029 526 2087 ipse
543 2028 571 2073 de
589 2034 710 2089 systemate
726 2029 873 2075 Hermesiano
891 2045 943 2077 sen.

89 2117 145 2163 serit
161 2119 227 2173 atque
244 2113 356 2173 quomodo
371 2111 514 2167 intellexerit,
532 2110 675 2156 sustinerint
692 2124 738 2156 non
759 2124 834 2170 posse.

151 2196 249 2255 Copiosa
267 2195 552 2253 descriptionenohiscum
577 2194 689 2254 quomodo
712 2194 877 2253 expeditionem
892 2208 945 2241 sus-

92 2282 177 2340 ceperit
192 2278 348 2334 communicat,
364 2277 488 2335 compcsito
504 2277 596 2321 victoris
614 2259 676 2321 vultu
692 2277 790 2335 exponit,
807 2290 863 2336 quos
879 2278 945 2323 auxi-

90 2362 158 2407 liares
174 2360 350 2419 conquisiverit‚
374 2371 428 2417 quas
441 2358 520 2403 vineas
536 2358 674 2413 instruxerit,
691 2371 747 2416 quos
766 2371 862 2417 aggeres
880 2358 946 2405 fece-

91 2444 128 2500 rit,
147 2440 260 2502 quomodo
276 2444 389 2497 postremo
408 2451 485 2485 arcem
503 2439 595 2496 ceperit.
800 2431 802 2435 '

187 2522 257 2580 „llum
273 2520 331 2563 haec
346 2519 490 2577 agebantur“,
506 2518 537 2563 ita
553 2523 588 2563 est
610 2519 633 2563 in
648 2521 816 2566 ,cornmentariis
834 2522 944 2579 Petronii,

185 2601 302 2663 „equidem
318 2602 404 2658 privato
420 2599 492 2644 studio
506 2599 578 2658 ampla
594 2605 617 2645 et
633 2601 700 2646 multa
717 2608 823 2662 excerpta
848 2618 877 2649 ex
892 2605 945 2663 „ln-

185 2679 378 2729 troductionihust
396 2680 506 2726 Hermesii
527 2686 550 2727 et
564 2683 770 2743 interpretationem
791 2698 804 2728 a
823 2684 946 2730 Theodisco

183 2769 238 2810 arcto
254 2763 348 2808 faciant
366 2762 449 2818 (lihros
465 2764 525 2821 ipsos
539 2765 606 2824 igitur
622 2779 669 2811 non
679 2766 805 2823 habuisti?)
822 2767 888 2825 „mim
906 2781 947 2812 ac-

187 2846 339 2904 quisitorem,
365 2849 513 2903 accurateque
535 2846 562 2890 iis
579 2847 710 2892 examinatis
735 2846 872 2905 deprehendi
894 2847 947 2892 sun-

189 2926 337 2971 damentalem
354 2937 468 2980 errorem,
485 2925 544 2970 unde
560 2927 688 2973 Hermcsius
703 2928 726 2971 in
745 2927 791 2972 suis
807 2926 947 2986 disquisitio-

187 3008 253 3053 nihus
269 3008 383 3066 profectus
395 3010 450 3062 erat,
468 3009 609 3067 cognovique
620 3007 757 3060 methodum,
775 3020 840 3065 quam
855 3007 948 3066 ingres-

184 3092 301 3145 smeret,
329 3092 353 3133 ut
366 3086 451 3132 realem
474 3087 626 3133 exsistentiam
642 3087 786 3132 revelationis
803 3087 891 3132 divinae
908 3091 946 3130 aut

183 3168 284 3213 miraculi
301 3169 393 3215 alicuius
410 3168 562 3225 contederet‚
578 3170 599 3214 h.
620 3181 639 3214 e.
659 3169 823 3214 distinctionem
838 3149 961 3213 rationem

188 3246 334 3293 theoreticam
351 3248 409 3294 iuter
426 3253 449 3294 et
463 3246 584 3307 practicam
601 3248 629 3294 ab
646 3247 684 3293 illo
702 3248 791 3295 iactam.
832 3250 894 3295 Haec
911 3247 947 3293 dp„
