1979 3399
400 58 631 132 4343-

42 242 47 247 «
99 213 160 271 quod
176 214 314 264 Petroniana
329 220 397 265 etiam
414 218 437 264 in
453 220 487 266 ms
504 219 573 265 robus
596 220 625 267 atl
649 233 745 266 examen
768 233 852 266 vocare
868 236 949 281 soper-

98 294 181 341 sedare
206 309 332 356 possumus.
386 299 469 345 Unum'
483 301 635 347 tantummodo
660 301 706 347 hoc
725 301 777 347 loco
790 302 949 353 ⁴considerare

45 397 52 409 κ
98 373 178 437 placet.

161 453 275 501 Gloriatur
291 455 427 516 Petronius,
449 459 472 502 in
495 458 596 503 maniltus
613 460 659 504 suls
676 473 727 505 esso
744 462 807 506 varia
825 461 953 521 fragmenta

97 534 275 597 praelectionum
290 536 367 594 priore
382 538 437 580 anni
455 536 515 581 1838
531 539 633 590 sernenri
650 539 672 582 in
688 540 809 585 seminano
825 541 956 587 Calontensi

98 614 231 676 habitarum.
264 615 299 661 Ex
315 614 350 661 his
367 616 500 676 ti'agmernis
517 618 599 661 seriem
617 618 768 665 doctrinarum
779 622 955 668 acatholicarum

96 695 217 740 Perronius
234 697 356 755 connectit,
372 698 408 742 liis
424 699 556 757 fragmentis
572 699 639 744 nmlta
656 701 764 746 iniuriose
775 703 833 748 dieta
844 705 953 750 adversus

98 776 215 822 seminarii
230 778 358 838 magistros,
376 779 485 825 adversus
498 779 616 838 capitulum
623 780 825 841 Metropolitanum,
843 785 953 832 adversus

99 858 207 903 vicarium
224 859 355 917 generalem
371 858 517 917 superstruitl
549 858 605 904 Num
622 858 670 902 hoc
680 861 762 919 agendi
771 875 843 920 genus
859 870 894 908 est
909 866 952 909 viri

96 921 158 994 honi,
174 938 234 995 iusti,
250 938 361 999 religiosi,
379 952 408 983 an
425 938 518 993 vorsuti,
535 937 647 994 malitiosi,
664 939 792 999 profligati?
823 942 880 987 Num
895 941 953 987 haec

96 1017 181 1075 agendi
190 1019 248 1062 ratio
260 1023 295 1063 est
307 1018 397 1077 legibus
407 1016 499 1062 moralis
515 1016 631 1062 doctrinae
644 1024 804 1077 consentanea,
820 1035 849 1065 an
860 1009 966 1066 oiiintno'

96 1097 181 1142 idonea
197 1104 231 1143 est
248 1098 277 1143 ad
292 1112 369 1143 mores
389 1098 582 1156 corrnmpentlos,
606 1098 689 1143 adres
708 1099 820 1144 ecclcsiae
836 1100 895 1145 berre
913 1115 954 1146 or-

97 1175 186 1222 dinatas
204 1178 346 1223 turbandos?
378 1180 425 1223 Alis
443 1191 540 1236 (pitanam
555 1177 675 1222 Petronius
689 1177 746 1223 haec
762 1178 889 1239 liagmenta
905 1195 950 1227 na-

96 1262 145 1303 ctus
162 1260 217 1304 est?
247 1260 303 1305 Num
321 1274 333 1305 a
347 1262 478 1319 praeposito
493 1261 625 1318 magistratu
642 1259 758 1317 clericali,
787 1255 822 1304 alr
837 1263 953 1307 antistibus

95 1339 225 1396 seminarii,
249 1339 332 1384 aviris
349 1340 386 1397 qui
405 1339 454 1384 sine
470 1339 503 1383 ira
526 1342 548 1381 ct
564 1337 637 1382 studio
658 1337 783 1397 li'agrnenta
803 1338 840 1383 illa
863 1342 953 1399 scriptis

95 1419 248 1466 mandarunt?
272 1419 362 1465 lllinimc
381 1421 486 1464 omnium.
508 1419 592 1464 Nactus
611 1424 646 1463 cst
661 1431 703 1476 per
716 1418 816 1464 alrmmos
834 1421 950 1478 quosdam.

93 1499 132 1545 Sic
146 1500 215 1559 igitur
230 1500 273 1545 viri
290 1499 456 1556 adolescentes,
472 1499 509 1557 qui
526 1498 574 1543 aliis
591 1497 693 1555 exempta
709 1498 826 1556 probitatis
843 1504 865 1544 et
883 1514 952 1559 aper-

94 1584 131 1625 tae
146 1570 291 1640 ingenuitatis
308 1580 428 1639 aliquando
446 1579 513 1624 futuri
530 1583 599 1634 sunt⁷
621 1590 714 1636 quorum
730 1577 768 1622 lua
784 1578 859 1624 luceat
875 1592 952 1625 coram

93 1659 235 1718 hominibus,
258 1667 283 1706 ut
298 1662 390 1706 videant
405 1661 509 1706 hominos
526 1673 594 1717 opera
612 1672 690 1704 eorum
707 1659 781 1715 laona,
797 1660 834 1715 hi,
851 1660 951 1717 inquam,

92 1742 170 1798 primis
189 1741 333 1786 institutionis
358 1752 413 1785 suae
430 1741 494 1784 annis
513 1740 612 1784 occultas
630 1739 755 1783 delatorum
770 1744 834 1783 artes
847 1739 951 1784 edocen-

93 1824 139 1876 tur‚'
154 1821 188 1866 sic
203 1823 298 1866 iuvenes
315 1820 463 1877 inducuntur,
479 1824 502 1864 ut
517 1819 605 1877 pietatis
621 1832 677 1877 erga
693 1820 835 1878 praepositos
852 1818 951 1863 cilicium
974 1809 978 1813 *

93 1899 194 1957 violent,
218 1902 252 1946 sic
277 1902 321 1946 iam
344 1907 432 1946 mature
448 1901 568 1946 simulandi
593 1905 658 1959 atque
675 1899 830 1946 ilissnnulantli
849 1905 897 1944 arte
913 1900 951 1944 in-

95 1984 222 2037 struuntur,
239 1982 272 2025 sic
289 1980 318 2024 atl
333 1993 420 2025 morunt
437 1981 722 2038 pravitatemeducantur,
739 1985 818 2036 postea
839 1980 951 2036 nimirum⁷

95 2069 161 2118 quum
178 2061 294 2119 coeperint
310 2062 333 2105 in
348 2062 408 2105 vitae
425 2074 492 2105 cursu
508 2074 572 2119 esse,
597 2060 702 2105 fiduciam
717 2059 776 2104 illam
796 2064 862 2118 atque
876 2059 951 2115 fidem,

93 2153 151 2198 quae
166 2141 226 2185 inter
242 2140 339 2185 clericos
356 2140 459 2185 obtinere
485 2140 566 2197 dehet,
589 2141 706 2195 eversuri,
730 2146 807 2185 sontes
833 2145 855 2183 et
870 2140 952 2200 urson-

96 2226 131 2264 tes
156 2221 328 2265 circumventuri
353 2224 375 2264 et
397 2220 484 2265 occulta
510 2221 580 2278 pestis
603 2221 712 2266 adversus
735 2233 888 2278 tpremounque
914 2220 952 2278 qni

96 2301 202 2345 iustitiam
220 2300 292 2359 diligit
309 2299 456 2360 *eandemque
473 2306 549 2359 aperte
569 2306 590 2345 et
604 2300 663 2345 nullo
682 2306 743 2345 metu
759 2301 865 2345 exercet!
896 2300 953 2344 Per-

92 2382 189 2425 ronione
207 2381 274 2425 liceat
289 2379 396 2438 gloriari,
420 2379 478 2424 lianc
497 2381 618 2441 iuventutis
640 2381 807 2438 corruptionem
825 2394 837 2424 a
854 2393 879 2423 se
894 2394 951 2438 pro-

41 2477 43 2480 *
92 2461 196 2506 moveri?
229 2460 361 2520 Ogloriam
378 2461 541 2519 turpissimam!
570 2476 583 2507 o
605 2462 737 2507 Petronium
761 2460 799 2504 tali
822 2459 896 2518 gloria
913 2459 949 2504 di-

92 2540 172 2600 gnum!
206 2541 251 2585 seu
268 2541 381 2600 qrrornotlo
402 2543 493 2587 tantlem
511 2543 568 2588 hacc
582 2544 706 2604 fragmenta
724 2557 749 2587 sc
765 2540 870 2586 lntlient?
896 2541 949 2585 Soi-

171 2723 249 2758 nnllam
263 2725 328 2761 iustae
344 2739 415 2764 causae
430 2730 516 2767 salutem
532 2742 612 2778 sperare
623 2736 729 2779 possirrrt.“
757 2731 885 2767 Conveniunt
898 2730 949 2768 naec

107 2833 114 2837 ,
173 2793 248 2841 optime
264 2806 309 2829 cnm
324 2795 349 2831 iis
365 2809 416 2846 (puae
432 2799 457 2835 nh
471 2802 564 2849 episeopo
574 2799 675 2836 Linaiensi
683 2803 783 2851 Gregorio
800 2801 877 2839 Jltonra
895 2802 949 2839 [licta

169 2874 211 2898 esse
225 2870 315 2900 constat:
335 2878 376 2901 non
391 2867 485 2908 debuisse
499 2870 651 2921 praelectiones
664 2870 793 2921 theologicas
810 2872 909 2909 Perronr'r'
925 2875 949 2911 in

170 2934 283 2972 Germania
299 2936 432 2975 innotescere,
461 2940 501 2975 Ian]
519 2952 579 2989 tpnntn
592 2941 781 2989 proplersclentlne
796 2944 947 2987 ‚‚tettttitatetn“

168 3003 291 3040 Thrasonem
302 3005 417 3042 Petronium
431 3008 515 3052 rideanta
531 3014 613 3057 propter
628 3010 732 3047 mendacia
746 3024 791 3047 eum
805 3019 946 3060 contemnunt,

168 3073 198 3109 ita
213 3072 294 3124 quidem
309 3079 330 3110 ut
343 3087 409 3125 nuper
422 3078 537 3128 scripserint
552 3090 627 3114 nomen
644 3081 687 3116 aius
701 3093 744 3118 esse
758 3083 834 3120 infame
847 3085 943 3135 (berneh-

169 3144 222 3195 ugr).
238 3144 325 3188 Utinam,
340 3156 402 3194 quum
416 3146 508 3184 <lontrina
522 3160 556 3184 sna
574 3149 652 3186 nullom
667 3151 732 3189 iustae
746 3166 817 3191 caricae
836 3155 942 3194 arlinmenu

168 3219 211 3250 tum
228 3216 297 3260 zittert,
315 3213 382 3254 cidem
401 3217 528 3267 turpitudine
541 3230 576 3255 sua
589 3232 631 3257 non
643 3224 723 3261 allatret
738 3223 889 3263 detrimentum,
