1979 3399
376 127 561 182 ...99...

39 276 102 317 terae
122 266 221 325 adesse,
238 268 280 314 sed
296 268 346 313 sine
363 269 412 329 ipsa
424 269 494 329 plane
518 281 592 328 neque
608 268 683 315 unitas
699 277 774 329 neque
794 265 904 317 certitudo

39 352 122 397 adesse
138 342 233 409 possint
249 342 251 350 ²
801 335 803 339 ⁸

66 484 68 486 ,
101 432 186 486 Quodsi
196 433 248 476 *hoc
264 431 360 487 scimus,
383 431 428 475 iam
445 428 512 475 facile
528 433 563 474 est
581 430 610 475 ad
626 428 803 490 intelligendum,
821 442 902 488 quanm

40 525 84 572 que
102 512 241 571 disciplinam
257 512 339 555 eximia
355 509 451 568 quadam
468 508 557 554 lermali
571 511 709 568 praestantia
720 511 805 568 ornari,
823 510 843 555 si
855 523 901 554 non

40 594 109 638 medo
133 582 221 650 integra
245 596 281 635 est
299 589 341 635 sed
362 591 430 633 etiam
454 589 539 634 unitate
560 591 670 648 praedita.
708 591 753 637 Sed
772 590 830 636 harre
855 604 901 635 nen

40 672 144 718 absolute
160 671 314 715 neeessariam
329 681 395 726 esse,
413 668 437 713 id
454 682 483 713 ex
499 668 592 728 singulis
609 670 668 714 notis
684 672 708 714 in
724 671 842 716 virtutihus
859 672 902 716 illis

43 764 164 810 earumque
180 750 270 795 ratione
283 749 408 809 designatis
419 749 532 795 luculente
546 754 645 808 apparet.
678 751 773 794 Primum
784 751 807 795 id
817 751 903 795 rnaicre

44 833 152 892 dignitate
176 835 198 876 et
222 831 295 889 pretio
313 831 405 875 unitatis
428 830 568 875 ostemlitur:
592 831 647 876 satis
671 832 731 874 enim
748 835 905 887 constatque

43 914 117 956 maim
132 917 155 956 et
173 910 268 969 amplior
284 912 354 955 virtus
370 911 445 968 aliqua
460 911 495 968 sit,
512 922 540 955 eo
557 911 630 969 magis
647 915 720 970 aptam
738 925 790 957 esse
807 911 835 957 ad
851 895 913 956 cer-¹

44 998 90 1037 tum
111 992 178 1037 finem
190 991 393 1050 'corrsequemlum
425 992 484 1037 Dein
509 992 570 1037 idem
587 991 640 1037 iude
657 992 744 1048 elucet,
762 992 907 1051 quodetiam

45 1073 118 1117 nrinor
135 1072 171 1116 illa
189 1074 259 1117 virtus
277 1072 343 1116 linem
361 1072 421 1117 illum
438 1074 578 1132 assequitur:
596 1086 648 1117 nam
665 1074 685 1117 si
701 1078 778 1131 patet,
795 1085 863 1117 unam
879 1071 908 1116 ad

45 1153 112 1196 furem
128 1153 171 1196 iam
188 1153 243 1196 satis
261 1164 321 1208 esse,
337 1152 390 1196 inde
408 1153 562 1211 consequitur,
579 1151 672 1197 alteram
688 1151 717 1197 ad
728 1152 825 1197 errndem
841 1151 909 1197 linem

46 1246 92 1277 rien
115 1233 181 1290 plane
203 1234 359 1281 neeessariam
382 1232 461 1277 haheri
479 1237 592 1291 oportere.
633 1232 687 1276 Turn
709 1231 754 1275 hcc
772 1234 839 1277 etiam
855 1231 908 1276 iude

47 1314 184 1373 intelligitur,
199 1315 267 1373 qum,
281 1314 335 1358 licet
346 1313 428 1374 ailquid
441 1315 533 1372 insuper
545 1314 698 1358 necessarlum
710 1311 745 1368 sit,
762 1314 811 1357 eius
824 1326 910 1357 neces-

47 1395 102 1439 sitas
119 1395 141 1438 ei
164 1396 198 1439 rei
215 1407 262 1439 non
278 1394 400 1452 adaequari
418 1399 505 1453 petest,
528 1407 571 1452 quo
587 1395 659 1452 ipsum
677 1393 765 1437 exsistit
781 1398 804 1437 et
821 1393 910 1437 consti-

48 1476 121 1520 tuitur.
154 1476 287 1534 erarrquam
310 1474 354 1520 hae
378 1476 472 1520 uirtutes
497 1474 630 1534 disciplinae
647 1474 754 1529 alienius,
781 1472 907 1532 dequibus

48 1568 108 1600 irrrnc
125 1556 228 1615 agitans,
247 1561 295 1600 arte
312 1556 402 1600 uinculo
420 1557 478 1601 inter
494 1569 520 1601 se
538 1555 662 1601 cohaerent
678 1559 700 1598 et
716 1559 829 1613 cognatae
849 1560 908 1611 srrnt,

50 1641 124 1682 tannen
142 1650 171 1680 ex
185 1637 282 1693 ratione,
299 1650 364 1695 squam
384 1641 406 1682 et
421 1648 462 1695 per
479 1649 505 1681 se
527 1638 591 1696 ipsae
608 1642 630 1681 et
646 1635 669 1679 in
682 1634 748 1679 linem
765 1635 909 1681 institutionis

50 1721 179 1775 sequuntur,
197 1719 272 1775 utique
289 1716 430 1761 rrrarrilestum
443 1720 485 1774 est,
503 1730 532 1760 ex
547 1716 650 1762 absoluta
661 1718 799 1762 necessitate
811 1716 909 1774 alterius,

52 1797 139 1855 ‹pralem
157 1799 351 1856 pronuntiavimus
367 1803 390 1842 et
407 1798 625 1855 derrrenstrauimus,
644 1799 697 1843 item
714 1797 808 1843 similem
825 1811 911 1842 neces-

52 1879 139 1922 sitatem
159 1878 250 1922 alterius
269 1879 322 1938 cogi
337 1891 384 1922 iren
404 1891 488 1937 posse,
515 1891 543 1924 ae
569 1879 623 1924 licet
644 1880 782 1933 resumsit,
807 1891 858 1923 eum
874 1878 911 1936 qui
945 1874 949 1882 '

52 1959 179 2005 ‹lectrinam
196 1959 306 2018 [prrarrdam
322 1972 369 2003 noir
381 1964 449 2004 tutam
466 1960 578 2016 exhibeat,
595 1959 699 2005 diseemli
715 1959 802 2017 cupidis
819 1959 911 2003 ncrrnisi

53 2038 122 2081 ruha
138 2037 200 2094 clare,
216 2037 253 2081 rel
268 2051 376 2082 suurmum
394 2052 473 2083 eurum
491 2040 570 2083 anirnis
586 2039 642 2083 nihil
659 2041 702 2083 nisi
714 2041 815 2083 incertas
831 2044 854 2083 et
868 2052 912 2083 ra-

51 2130 93 2175 gas
108 2118 172 2163 ideas
188 2117 312 2176 praehere,
333 2123 408 2162 tarnen
424 2119 501 2176 ntique
517 2117 689 2163 eoncedendum
707 2122 748 2175 est,
766 2118 912 2162 nihilomiuus

52 2199 136 2257 aliquid
152 2213 181 2244 ex
197 2198 314 2257 disciplina
330 2199 425 2258 qruadam
442 2199 499 2243 disci
517 2211 592 2257 posse,
608 2199 709 2256 qrrarnris
723 2197 809 2242 ecaritate
825 2203 910 2243 careat.

114 2279 191 2337 Neque
215 2293 253 2324 res
277 2280 341 2324 aliter
366 2285 492 2338 comparet,
515 2281 534 2324 si
555 2293 596 2338 per
618 2292 644 2324 se
662 2283 783 2336 spectatur.
816 2278 872 2325 llam
891 2280 912 2324 si

54 2359 157 2405 <lontrina
174 2360 297 2418 (praetium,
322 2360 373 2405 duum
397 2362 533 2419 expuendus,
550 2374 597 2405 iren
611 2365 635 2404 ut
652 2360 697 2405 arira
715 2359 840 2417 exhibetur,
858 2361 911 2405 inde

52 2436 126 2497 planes
143 2441 245 2499 singulae
256 2440 373 2486 doetrinae
391 2447 522 2498 nasermtur,
540 2442 622 2500 (piique
638 2440 679 2486 has
695 2441 787 2498 recipit,
800 2441 819 2485 is
833 2440 911 2486 uliver-

53 2520 191 2579 sis‘quidem
209 2522 277 2567 rehus
300 2506 447 2580 informatur,
469 2522 512 2567 sed
535 2521 679 2567 nihilominus
702 2521 803 2567 [locetur.
840 2521 911 2568 Nemo

53 2599 112 2645 enim
128 2606 205 2660 negat,
223 2614 273 2646 eum
291 2607 375 2647 tardum
390 2615 439 2647 rem
462 2601 573 2661 (peraridum
594 2602 668 2658 seire,
689 2602 742 2660 qni,
764 2607 788 2646 ut
804 2615 849 2647 urna
866 2607 909 2659 cst,

53 2680 83 2726 ita
99 2695 188 2741 quoque
212 2682 327 2728 intellectu
353 2689 376 2729 ut
393 2697 459 2728 uuam
477 2683 584 2742 recipiat,
610 2683 652 2727 sed
674 2682 818 2727 nihilominus
835 2695 908 2726 rrnrrs-

55 2762 146 2823 quisque
163 2763 276 2822 correedit,
294 2777 345 2809 eum
361 2778 450 2825 (quoque
465 2765 552 2825 singula
568 2765 634 2820 scire,
651 2764 688 2820 qui
699 2762 800 2822 singulas
816 2762 850 2806 rei
866 2776 909 2807 eu-

54 2840 140 2889 iusdam
155 2849 231 2904 partes
248 2844 356 2903 deinceps
372 2845 428 2890 vidit
449 2858 533 2904 easque
551 2845 594 2890 sihi
610 2843 759 2888 succedentes
775 2844 849 2888 animo
868 2856 911 2889 ex-

55 2923 120 2981 cepit,
137 2925 269 2982 praesertim
284 2924 304 2969 si
319 2929 389 2969 totum
406 2938 483 2971 earum
500 2925 596 2984 excepit,
614 2925 714 2981 quamvis
727 2923 833 2968 unitatem
844 2925 911 2982 prin-

56 3000 163 3059 cipiorum
179 3017 225 3050 nen
239 3005 360 3062 exceperit,
393 3006 438 3052 Sed
450 3007 516 3065 plane
533 3005 653 3065 negabunt,
668 3003 727 3048 hunc
738 3016 786 3048 rem
797 3004 910 3063 [peraridum

56 3085 168 3140 cognatam
183 3084 276 3141 hahere,
293 3089 315 3128 et
330 3085 354 3130 id
370 3091 454 3131 tantum
473 3086 611 3141 ecireedent,
629 3083 711 3128 adesse
729 3084 751 3128 ei
766 3089 852 3130 eertum
868 3099 911 3131 ec-

56 3164 178 3219 guidonum
200 3180 330 3223 ruunerum,
354 3180 404 3214 cum
427 3169 469 3214 has
492 3168 565 3213 obiter
585 3164 673 3223 excepit
697 3163 771 3224 iisque
791 3166 911 3225 acquievit.

56 3239 132 3302 Neque
147 3260 201 3293 uere
218 3260 303 3307 negare
319 3260 359 3306 par
377 3254 419 3307 cst,
436 3250 502 3294 etiam
518 3248 577 3292 hanc
592 3244 730 3305 singularum
740 3259 815 3293 rerrnn
833 3248 910 3293 seien-
