1979 3399
346 112 380 123 -
419 85 472 137 aba
511 114 548 127 -υ

122 231 164 279 bris
196 233 311 293 errapiricis
342 235 482 292 rationisque
514 231 690 293 perspiciendae
721 227 887 274 oocorntnoduri

122 313 212 370 oirzrriao
228 329 273 359 arca
281 328 357 373 posse,
372 316 508 374 easdemque
520 314 594 373 quoad
612 318 680 359 totam
691 311 808 358 materiam
821 321 884 354 suam

121 395 236 441 excedere
257 397 381 441 naturalem
397 396 494 441 hominis
512 395 638 441 facultatem
656 390 826 453 cognoscendi„
849 394 885 435 at-

122 478 197 519 tamen
222 489 279 534 eas,
303 483 327 522 ut
350 478 445 536 primum
467 475 578 521 revelatas
601 489 652 521 esse
665 463 780 530 constet,
803 476 882 516 nostra

121 555 174 601 lidei
190 559 322 603 assensione
338 572 385 603 non
400 559 473 602 urinas
489 557 584 617 dignas,
601 559 667 601 immo
685 557 752 600 etiam
767 554 884 613 digniores

120 649 179 681 esse.
213 637 329 682 Contraria
345 638 428 698 agendi
450 637 507 682 rabo
530 650 594 695 quam
619 637 700 681 frustra
717 635 763 693 sit,
789 648 818 679 cx
833 634 882 692 ipsa

121 731 146 763 re
163 719 304 776 inanileslum
320 720 350 763 lit.
386 720 442 764 Nam
458 719 478 762 si
496 717 607 762 eiusmodi
624 717 739 761 doctrinas
753 730 794 774 per
809 720 881 760 natu-

121 798 193 843 aolem
215 799 369 859 cognoscendi
392 799 520 844 facultatem
541 811 591 843 cum
607 796 738 841 inferiorem
752 801 798 840 tum
812 808 882 854 supe-

121 881 204 924 riorem
228 880 340 939 attingere
364 891 410 923 non
432 878 506 935 licuit7
531 879 550 922 si
570 892 620 922 eam
640 878 668 922 ob
688 889 777 921 causam
798 888 880 932 super.

121 959 224 1004 autari-uli
239 961 276 1005 via
292 959 410 1004 nobiseum
424 960 600 1004 communicatae
613 963 670 1015 sumt,
689 957 741 1015 qirid
755 957 884 1014 perversius

121 1038 269 1097 stolidiusque
285 1052 336 1084 esse
352 1043 444 1097 potest,
472 1052 537 1097 <paam
560 1051 619 1081 nurm
641 1038 770 1083 ututurrolem
784 1040 886 1079 nostrum

122 1118 270 1178 ccguuoscendi
293 1119 452 1178 copitcuudique-
469 1119 557 1163 niodum
583 1118 612 1163 ad
636 1132 676 1163 eas
703 1116 885 1173 accommodare,

123 1198 160 1244 vel
177 1201 269 1245 easdem
284 1214 334 1245 cum
351 1199 494 1244 annualibus
506 1202 673 1261 cognitionibus
689 1201 773 1247 nostris
787 1201 809 1244 in
821 1211 888 1243 nuum

122 1286 145 1325 et
160 1286 229 1325 totum
246 1281 353 1337 conflare,
370 1286 393 1325 ut
409 1285 478 1324 totum
492 1279 545 1324 iude
562 1279 607 1336 fiat,
625 1282 662 1323 aut
678 1276 721 1323 hac
736 1295 761 1327 re
773 1293 813 1325 eas
829 1294 879 1324 ma.

122 1362 157 1421 gis
175 1361 293 1418 illustrare,
312 1360 406 1405 definire
421 1365 444 1406 et
459 1361 568 1420 perficere
581 1360 645 1417 velle,
662 1373 728 1419 quam
743 1365 884 1418 supernata

99 1500 101 1504 ‚
122 1442 180 1487 ruitis
196 1442 304 1487 revelatio
321 1454 361 1486 eas
376 1441 501 1499 illustravit,
521 1441 620 1487 definivit
636 1446 659 1485 ct
673 1441 797 1500 perfecit‘tt

90 1523 216 1569 Postulatur
235 1527 259 1567 ut
281 1522 428 1580 subscribam,
445 1523 585 1575 Hermesium
606 1523 630 1568 id
646 1524 741 1583 egisse,
765 1529 789 1568 ut
807 1535 885 1568 omnes

32 1604 156 1661 doctrinas,
174 1608 198 1648 ut
213 1603 346 1662 religionem
359 1618 387 1649 ex
404 1604 453 1650 sola
470 1606 559 1650 ratione
574 1608 695 1663 repeteret,
713 1609 735 1648 et
745 1604 811 1663 plane
828 1618 886 1650 con-

30 1686 122 1730 trarium
138 1685 215 1730 verbis
233 1685 357 1743 perspicuis
374 1684 483 1744 ramisque
501 1685 579 1730 litteris
596 1685 744 1743 perscriptum
761 1685 822 1745 lego.

94 1766 164 1811 Porro
182 1765 237 1809 lolia
254 1763 371 1822 pervelm,
389 1764 480 1810 incurro
497 1766 521 1810 in
537 1779 558 1824 p.
578 1765 622 1810 108
639 1765 715 1823 ibique
731 1766 798 1826 lego:

125 1844 277 1904 „Christianus
286 1846 378 1890 cirraino
390 1851 476 1904 caveat,
494 1853 523 1891 ue
533 1850 672 1907 argumenta,
691 1846 769 1905 quibus
783 1846 889 1906 dogmata

125 1926 248 1970 eluistiana
264 1930 287 1970 et
303 1927 424 1972 christiano
434 1953 448 1962 -
458 1925 568 1972 catholica
584 1927 723 1985 probentur,
738 1941 768 1971 ex
783 1927 889 1985 plailoso-

125 2006 181 2064 plato
199 2006 332 2065 depromere
349 2005 468 2061 instituat,
489 2019 555 2064 quum
573 2020 602 2051 ex
623 2006 679 2051 locis
701 2007 830 2066 theologicis
848 2008 892 2052 de-

128 2086 252 2146 promenda
266 2086 326 2142 siut3
352 2084 478 2144 ubicunque
503 2091 576 2130 autem
600 2086 623 2130 hi
639 2086 713 2132 sontes
729 2093 889 2146 percutiantur,

126 2166 283 2228 philosophice
299 2166 419 2223 ostendat,
436 2179 501 2225 quma
517 2166 576 2212 istud
592 2167 681 2227 quidem
699 2168 737 2212 fiat
751 2169 847 2226 iniuste,
867 2175 891 2214 et

128 2263 142 2294 e
159 2248 273 2295 contrario
290 2247 370 2292 iustam
391 2260 443 2292 csse
460 2246 620 2293 cotltolicorum
643 2246 772 2293 methodum
797 2261 826 2292 ex
842 2253 890 2293 tra-

127 2336 188 2377 ctatu
198 2330 227 2375 de
236 2329 292 2374 locis
302 2328 437 2387 theologicis
449 2328 592 2375 demonstret.
623 2328 733 2375 Ostendat
742 2328 785 2374 hac
796 2329 890 2377 fontium

62 2448 63 2451 η
127 2412 290 2471 permutatione
304 2410 328 2454 in
338 2407 452 2453 revelatae
463 2409 579 2455 doctrinae
589 2410 663 2456 locum
672 2423 786 2468 nunquam
795 2425 840 2456 riou
850 2426 891 2457 ra-

89 2520 91 2525 =
128 2493 195 2537 tionis
206 2491 330 2537 doctrinam
341 2489 452 2546 substitui,
465 2489 523 2535 hanc
533 2492 603 2550 ipsam
617 2496 690 2536 autem
699 2492 793 2544 rationis
803 2492 890 2538 doctri-

129 2586 180 2617 nam
189 2585 232 2631 qua
241 2571 307 2615 talem
317 2570 448 2615 necessario
456 2570 565 2615 incertam
579 2584 640 2628 esse,
651 2573 738 2629 quoties
748 2572 809 2617 dere
820 2586 891 2632 quae-

128 2658 202 2710 ratur,
219 2665 276 2711 quae
292 2663 360 2709 supra
376 2642 489 2695 naturales
502 2657 591 2697 nostras
609 2654 714 2696 notiones
732 2652 791 2696 elata
808 2659 863 2698 ests

98 2732 161 2778 Hunc
186 2732 260 2776 locum
283 2728 356 2773 danim
381 2727 491 2788 perlego,
513 2730 600 2775 litterae
626 2731 775 2777 exadversum
790 2726 886 2793 stirpem,

38 2825 84 2858 non
100 2813 195 2858 deloco
211 2809 334 2865 recedunt,
357 2814 380 2852 et
402 2814 478 2855 tarrrcn
492 2816 516 2855 ut
532 2810 669 2856 subscribam
689 2814 825 2872 postulatur,
841 2829 887 2862 non

39 2898 144 2954 scriptum
160 2905 211 2939 esse
229 2889 289 2949 [prod
305 2889 411 2947 seriptum
430 2894 474 2935 est.

99 2978 184 3023 Riusus
199 2971 288 3025 evolvo,
305 2970 393 3028 iamque
412 2970 501 3016 obviam
517 2971 577 3015 velut
593 2985 614 3028 p.
632 2972 675 3018 98:

132 3054 271 3115 „theologus
297 3062 409 3107 ultraquam
433 3051 535 3096 oblivisci
557 3050 635 3107 debet,
655 3053 811 3112 philosophiae
825 3068 889 3103 usum

131 3131 155 3182 in
170 3134 284 3194 theologia
300 3144 346 3176 uon
362 3131 406 3176 nisi
418 3132 544 3190 rzepotiunnu
559 3143 610 3175 esse
623 3131 714 3190 licei-ev,
760 3130 761 3133 ’

42 3212 62 3259 h
81 3229 101 3261 e.
120 3206 274 3276 philosophiae
292 3212 313 3258 id
330 3225 396 3256 virium
413 3211 497 3269 licere,
515 3216 537 3255 ut
560 3210 701 3260 abiectiones
718 3213 789 3262 salsae
813 3215 888 3276 philo-
