<?xml version="1.0" encoding="UTF-8"?>
<!DOCTYPE html PUBLIC "-//W3C//DTD XHTML 1.0 Transitional//EN"
    "http://www.w3.org/TR/xhtml1/DTD/xhtml1-transitional.dtd">
<html xmlns="http://www.w3.org/1999/xhtml" xml:lang="en" lang="en">
 <head>
  <title>
</title>
<meta http-equiv="Content-Type" content="text/html;charset=utf-8" />
  <meta name='ocr-system' content='tesseract 3.04.00' />
  <meta name='ocr-capabilities' content='ocr_page ocr_carea ocr_par ocr_line ocrx_word'/>
</head>
<body>
  <div class='ocr_page' id='page_1' title='image "MN5163ucmf_1_0189.png"; bbox 0 0 1979 3399; ppageno 0'>
   <div class='ocr_carea' id='block_1_1' title="bbox 367 50 568 101">
    <p class='ocr_par' dir='ltr' id='par_1_1' title="bbox 367 50 568 101">
     <span class='ocr_line' id='line_1_1' title="bbox 367 50 568 101; baseline 0 -1"><span class='ocrx_word' id='word_1_1' title='bbox 367 50 568 101; x_wconf 75' lang='lat' dir='ltr'>-roe-</span> 
     </span>
    </p>
   </div>
   <div class='ocr_carea' id='block_1_2' title="bbox 97 283 831 358">
    <p class='ocr_par' dir='ltr' id='par_1_2' title="bbox 97 283 831 358">
     <span class='ocr_line' id='line_1_2' title="bbox 97 283 831 358; baseline -0.007 -23"><span class='ocrx_word' id='word_1_2' title='bbox 97 284 232 358; x_wconf 71' lang='lat' dir='ltr'>Percontus</span> <span class='ocrx_word' id='word_1_3' title='bbox 250 292 274 335; x_wconf 84' lang='lat' dir='ltr'>et</span> <span class='ocrx_word' id='word_1_4' title='bbox 292 286 410 335; x_wconf 81' lang='lat' dir='ltr'>Scheros.</span> <span class='ocrx_word' id='word_1_5' title='bbox 429 314 452 322; x_wconf 91' lang='lat'><em>-</em></span> <span class='ocrx_word' id='word_1_6' title='bbox 483 286 593 335; x_wconf 77' lang='lat' dir='ltr'>seherus</span> <span class='ocrx_word' id='word_1_7' title='bbox 612 284 699 334; x_wconf 84' lang='lat' dir='ltr'>Bonna</span> <span class='ocrx_word' id='word_1_8' title='bbox 715 283 831 333; x_wconf 77' lang='lat' dir='ltr'>discedit.</span> 
     </span>
    </p>
   </div>
   <div class='ocr_carea' id='block_1_3' title="bbox 32 434 893 1461">
    <p class='ocr_par' dir='ltr' id='par_1_3' title="bbox 78 434 893 1137">
     <span class='ocr_line' id='line_1_3' title="bbox 94 434 801 492; baseline -0.008 -12"><span class='ocrx_word' id='word_1_9' title='bbox 94 434 215 480; x_wconf 84' lang='lat' dir='ltr'>Perronius</span> <span class='ocrx_word' id='word_1_10' title='bbox 232 447 327 479; x_wconf 73' lang='lat' dir='ltr'>nurture</span> <span class='ocrx_word' id='word_1_11' title='bbox 343 434 431 492; x_wconf 88' lang='lat' dir='ltr'>pergit:</span> <span class='ocrx_word' id='word_1_12' title='bbox 799 479 801 483; x_wconf 16' lang='lat' dir='ltr'>y</span> 
     </span>
     <span class='ocr_line' id='line_1_4' title="bbox 78 512 889 575; baseline 0 -18"><span class='ocrx_word' id='word_1_13' title='bbox 78 544 79 547; x_wconf 18' lang='grc' dir='ltr'>η</span> <span class='ocrx_word' id='word_1_14' title='bbox 124 512 268 572; x_wconf 80' lang='lat' dir='ltr'>,llerniesius</span> <span class='ocrx_word' id='word_1_15' title='bbox 283 515 307 557; x_wconf 91' lang='lat' dir='ltr'>in</span> <span class='ocrx_word' id='word_1_16' title='bbox 324 513 426 569; x_wconf 75' lang='lat' dir='ltr'>Seuero,</span> <span class='ocrx_word' id='word_1_17' title='bbox 442 512 529 571; x_wconf 80' lang='lat' dir='ltr'>collega</span> <span class='ocrx_word' id='word_1_18' title='bbox 546 525 602 570; x_wconf 79' lang='lat' dir='ltr'>suo,</span> <span class='ocrx_word' id='word_1_19' title='bbox 620 526 632 558; x_wconf 86' lang='lat' dir='ltr'>n</span> <span class='ocrx_word' id='word_1_20' title='bbox 656 514 771 574; x_wconf 76' lang='lat' dir='ltr'>theologia</span> <span class='ocrx_word' id='word_1_21' title='bbox 791 514 889 575; x_wconf 78' lang='lat' dir='ltr'>dogma.</span> 
     </span>
     <span class='ocr_line' id='line_1_5' title="bbox 124 585 891 654; baseline 0.007 -17"><span class='ocrx_word' id='word_1_22' title='bbox 124 595 168 637; x_wconf 78' lang='lat' dir='ltr'>tien</span> <span class='ocrx_word' id='word_1_23' title='bbox 193 606 285 651; x_wconf 86' lang='lat' dir='ltr'>prorsus</span> <span class='ocrx_word' id='word_1_24' title='bbox 305 594 427 650; x_wconf 72' lang='lat' dir='ltr'><strong>dissensit,</strong></span> <span class='ocrx_word' id='word_1_25' title='bbox 451 595 487 637; x_wconf 89' lang='lat' dir='ltr'>eui</span> <span class='ocrx_word' id='word_1_26' title='bbox 503 594 574 637; x_wconf 90' lang='lat' dir='ltr'>visum</span> <span class='ocrx_word' id='word_1_27' title='bbox 591 599 625 638; x_wconf 89' lang='lat' dir='ltr'>est</span> <span class='ocrx_word' id='word_1_28' title='bbox 645 585 704 640; x_wconf 74' lang='lat' dir='ltr'>enno</span> <span class='ocrx_word' id='word_1_29' title='bbox 735 596 809 654; x_wconf 69' lang='lat'>1825,</span> <span class='ocrx_word' id='word_1_30' title='bbox 834 608 891 642; x_wconf 80' lang='lat' dir='ltr'>seu</span> 
     </span>
     <span class='ocr_line' id='line_1_6' title="bbox 125 672 891 735; baseline 0.005 -18"><span class='ocrx_word' id='word_1_31' title='bbox 125 686 218 718; x_wconf 88' lang='lat' dir='ltr'>munere</span> <span class='ocrx_word' id='word_1_32' title='bbox 230 687 272 719; x_wconf 92' lang='lat' dir='ltr'>suo</span> <span class='ocrx_word' id='word_1_33' title='bbox 283 674 398 732; x_wconf 74' lang='lat' dir='ltr'>abdicare,</span> <span class='ocrx_word' id='word_1_34' title='bbox 406 674 576 719; x_wconf 75' lang='lat' dir='ltr'>uniuersitatem</span> <span class='ocrx_word' id='word_1_35' title='bbox 589 672 732 720; x_wconf 83' lang='lat' dir='ltr'>Bonnensem</span> <span class='ocrx_word' id='word_1_36' title='bbox 751 677 891 735; x_wconf 82' lang='lat' dir='ltr'>relinquere,</span> 
     </span>
     <span class='ocr_line' id='line_1_7' title="bbox 123 753 892 815; baseline 0.003 -16"><span class='ocrx_word' id='word_1_37' title='bbox 123 754 292 815; x_wconf 87' lang='lat' dir='ltr'>Lovnninmque</span> <span class='ocrx_word' id='word_1_38' title='bbox 318 768 344 800; x_wconf 86' lang='lat' dir='ltr'>se</span> <span class='ocrx_word' id='word_1_39' title='bbox 372 754 507 813; x_wconf 79' lang='lat' dir='ltr'>conserere,</span> <span class='ocrx_word' id='word_1_40' title='bbox 528 754 567 800; x_wconf 78' lang='lat' dir='ltr'>ulti</span> <span class='ocrx_word' id='word_1_41' title='bbox 591 753 746 813; x_wconf 82' lang='lat' dir='ltr'>philosophiae</span> <span class='ocrx_word' id='word_1_42' title='bbox 771 757 892 814; x_wconf 83' lang='lat' dir='ltr'>professor</span> 
     </span>
     <span class='ocr_line' id='line_1_8' title="bbox 124 834 892 895; baseline 0.004 -17"><span class='ocrx_word' id='word_1_43' title='bbox 124 835 252 880; x_wconf 81' lang='lat' dir='ltr'>nominatus</span> <span class='ocrx_word' id='word_1_44' title='bbox 277 836 353 895; x_wconf 84' lang='lat' dir='ltr'>ibique</span> <span class='ocrx_word' id='word_1_45' title='bbox 374 841 474 881; x_wconf 89' lang='lat' dir='ltr'>mortuus</span> <span class='ocrx_word' id='word_1_46' title='bbox 495 839 536 881; x_wconf 85' lang='lat' dir='ltr'>est.</span> <span class='ocrx_word' id='word_1_47' title='bbox 577 834 638 880; x_wconf 90' lang='lat' dir='ltr'>hlulti</span> <span class='ocrx_word' id='word_1_48' title='bbox 662 835 742 882; x_wconf 83' lang='lat' dir='ltr'>Seberi</span> <span class='ocrx_word' id='word_1_49' title='bbox 768 835 892 882; x_wconf 79' lang='lat' dir='ltr'>discessum</span> 
     </span>
     <span class='ocr_line' id='line_1_9' title="bbox 122 909 892 975; baseline 0.005 -16"><span class='ocrx_word' id='word_1_50' title='bbox 122 909 240 960; x_wconf 89' lang='lat' dir='ltr'>llermesio</span> <span class='ocrx_word' id='word_1_51' title='bbox 258 914 312 960; x_wconf 82' lang='lat' dir='ltr'>uitio</span> <span class='ocrx_word' id='word_1_52' title='bbox 329 914 455 973; x_wconf 82' lang='lat' dir='ltr'>dederuut,</span> <span class='ocrx_word' id='word_1_53' title='bbox 479 919 523 961; x_wconf 93' lang='lat' dir='ltr'>tum</span> <span class='ocrx_word' id='word_1_54' title='bbox 549 915 609 975; x_wconf 84' lang='lat' dir='ltr'>qnod</span> <span class='ocrx_word' id='word_1_55' title='bbox 630 916 650 960; x_wconf 89' lang='lat' dir='ltr'>is</span> <span class='ocrx_word' id='word_1_56' title='bbox 672 929 798 975; x_wconf 75' lang='lat' dir='ltr'>nunquam,</span> <span class='ocrx_word' id='word_1_57' title='bbox 818 918 838 962; x_wconf 94' lang='lat' dir='ltr'>si</span> <span class='ocrx_word' id='word_1_58' title='bbox 861 917 892 962; x_wconf 79' lang='lat' dir='ltr'>ob</span> 
     </span>
     <span class='ocr_line' id='line_1_10' title="bbox 121 994 893 1056; baseline 0.001 -16"><span class='ocrx_word' id='word_1_59' title='bbox 121 994 246 1041; x_wconf 79' lang='lat' dir='ltr'>doctrinam</span> <span class='ocrx_word' id='word_1_60' title='bbox 262 1001 436 1055; x_wconf 80' lang='lat' dir='ltr'>oppugnaretur,</span> <span class='ocrx_word' id='word_1_61' title='bbox 454 996 483 1041; x_wconf 82' lang='lat' dir='ltr'>ed</span> <span class='ocrx_word' id='word_1_62' title='bbox 500 996 671 1042; x_wconf 87' lang='lat' dir='ltr'>concedendum</span> <span class='ocrx_word' id='word_1_63' title='bbox 687 1002 801 1056; x_wconf 84' lang='lat' dir='ltr'>promptus</span> <span class='ocrx_word' id='word_1_64' title='bbox 823 1003 893 1054; x_wconf 86' lang='lat' dir='ltr'>esset,</span> 
     </span>
     <span class='ocr_line' id='line_1_11' title="bbox 97 1075 892 1137; baseline 0.003 -17"><span class='ocrx_word' id='word_1_65' title='bbox 97 1093 98 1096; x_wconf 44' lang='lat'>¹</span> <span class='ocrx_word' id='word_1_66' title='bbox 121 1078 167 1120; x_wconf 85' lang='lat' dir='ltr'>tuin</span> <span class='ocrx_word' id='word_1_67' title='bbox 184 1080 275 1135; x_wconf 88' lang='lat' dir='ltr'>propter</span> <span class='ocrx_word' id='word_1_68' title='bbox 291 1075 374 1121; x_wconf 68' lang='lat' dir='ltr'>lectum</span> <span class='ocrx_word' id='word_1_69' title='bbox 391 1076 494 1135; x_wconf 80' lang='lat' dir='ltr'>aliquod,</span> <span class='ocrx_word' id='word_1_70' title='bbox 511 1077 571 1136; x_wconf 79' lang='lat' dir='ltr'>qrrod</span> <span class='ocrx_word' id='word_1_71' title='bbox 588 1076 648 1123; x_wconf 89' lang='lat' dir='ltr'>illum</span> <span class='ocrx_word' id='word_1_72' title='bbox 670 1078 747 1123; x_wconf 91' lang='lat' dir='ltr'>ultimo</span> <span class='ocrx_word' id='word_1_73' title='bbox 767 1078 812 1123; x_wconf 91' lang='lat' dir='ltr'>ictu</span> <span class='ocrx_word' id='word_1_74' title='bbox 835 1090 892 1137; x_wconf 84' lang='lat' dir='ltr'>pro-</span> 
     </span>
    </p>

    <p class='ocr_par' dir='ltr' id='par_1_4' title="bbox 122 1158 702 1203">
     <span class='ocr_line' id='line_1_12' title="bbox 122 1158 702 1203; baseline -0.003 -1"><span class='ocrx_word' id='word_1_75' title='bbox 122 1158 208 1203; x_wconf 58' lang='lat' dir='ltr'>trusit.ss</span> <span class='ocrx_word' id='word_1_76' title='bbox 701 1197 702 1200; x_wconf 75' lang='grc'>,</span> 
     </span>
    </p>

    <p class='ocr_par' dir='ltr' id='par_1_5' title="bbox 32 1238 893 1461">
     <span class='ocr_line' id='line_1_13' title="bbox 96 1238 893 1296; baseline -0.001 -12"><span class='ocrx_word' id='word_1_77' title='bbox 96 1238 175 1284; x_wconf 79' lang='lat' dir='ltr'>Liceat</span> <span class='ocrx_word' id='word_1_78' title='bbox 194 1239 269 1296; x_wconf 87' lang='lat' dir='ltr'>nohis,</span> <span class='ocrx_word' id='word_1_79' title='bbox 289 1239 390 1296; x_wconf 87' lang='lat' dir='ltr'>Perroni,</span> <span class='ocrx_word' id='word_1_80' title='bbox 409 1245 431 1285; x_wconf 89' lang='lat' dir='ltr'>te</span> <span class='ocrx_word' id='word_1_81' title='bbox 443 1239 555 1286; x_wconf 88' lang='lat' dir='ltr'>hominem</span> <span class='ocrx_word' id='word_1_82' title='bbox 579 1241 676 1287; x_wconf 90' lang='lat' dir='ltr'>onmium</span> <span class='ocrx_word' id='word_1_83' title='bbox 693 1239 846 1291; x_wconf 82' lang='lat' dir='ltr'>doctissimum</span> <span class='ocrx_word' id='word_1_84' title='bbox 864 1238 893 1284; x_wconf 89' lang='lat' dir='ltr'>de</span> 
     </span>
     <span class='ocr_line' id='line_1_14' title="bbox 33 1318 892 1381; baseline 0.003 -18"><span class='ocrx_word' id='word_1_85' title='bbox 33 1318 62 1363; x_wconf 91' lang='lat' dir='ltr'>iis</span> <span class='ocrx_word' id='word_1_86' title='bbox 82 1319 150 1364; x_wconf 71' lang='lat' dir='ltr'>relius</span> <span class='ocrx_word' id='word_1_87' title='bbox 169 1319 197 1364; x_wconf 78' lang='lat' dir='ltr'>(le</span> <span class='ocrx_word' id='word_1_88' title='bbox 213 1320 292 1378; x_wconf 88' lang='lat' dir='ltr'>quihus</span> <span class='ocrx_word' id='word_1_89' title='bbox 308 1321 376 1366; x_wconf 87' lang='lat' dir='ltr'>modo</span> <span class='ocrx_word' id='word_1_90' title='bbox 394 1322 518 1379; x_wconf 76' lang='lat' dir='ltr'>exposuisti</span> <span class='ocrx_word' id='word_1_91' title='bbox 534 1321 623 1380; x_wconf 79' lang='lat' dir='ltr'>paulum</span> <span class='ocrx_word' id='word_1_92' title='bbox 638 1322 775 1381; x_wconf 76' lang='lat' dir='ltr'>percontari.</span> <span class='ocrx_word' id='word_1_93' title='bbox 801 1323 892 1367; x_wconf 76' lang='lat' dir='ltr'>rissen-</span> 
     </span>
     <span class='ocr_line' id='line_1_15' title="bbox 32 1398 891 1461; baseline 0.003 -18"><span class='ocrx_word' id='word_1_94' title='bbox 32 1400 112 1444; x_wconf 88' lang='lat' dir='ltr'>tirisne</span> <span class='ocrx_word' id='word_1_95' title='bbox 126 1399 213 1459; x_wconf 74' lang='lat' dir='ltr'>placitis</span> <span class='ocrx_word' id='word_1_96' title='bbox 228 1398 362 1461; x_wconf 80' lang='lat' dir='ltr'>theologicis</span> <span class='ocrx_word' id='word_1_97' title='bbox 375 1401 455 1447; x_wconf 85' lang='lat' dir='ltr'>Seberi</span> <span class='ocrx_word' id='word_1_98' title='bbox 472 1414 538 1461; x_wconf 79' lang='lat' dir='ltr'>quem</span> <span class='ocrx_word' id='word_1_99' title='bbox 550 1401 617 1447; x_wconf 87' lang='lat' dir='ltr'>nobis</span> <span class='ocrx_word' id='word_1_100' title='bbox 628 1402 744 1447; x_wconf 78' lang='lat' dir='ltr'>narrusli‘?</span> <span class='ocrx_word' id='word_1_101' title='bbox 774 1402 837 1447; x_wconf 80' lang='lat' dir='ltr'>lineo</span> <span class='ocrx_word' id='word_1_102' title='bbox 853 1404 891 1446; x_wconf 91' lang='lat' dir='ltr'>in-</span> 
     </span>
    </p>
   </div>
   <div class='ocr_carea' id='block_1_4' title="bbox 31 1481 957 1540">
    <p class='ocr_par' dir='ltr' id='par_1_6' title="bbox 31 1481 957 1540">
     <span class='ocr_line' id='line_1_16' title="bbox 31 1481 957 1540; baseline 0.001 -16"><span class='ocrx_word' id='word_1_103' title='bbox 31 1481 154 1540; x_wconf 79' lang='lat' dir='ltr'>terrogatio</span> <span class='ocrx_word' id='word_1_104' title='bbox 165 1494 220 1526; x_wconf 82' lang='lat' dir='ltr'>seme</span> <span class='ocrx_word' id='word_1_105' title='bbox 232 1481 349 1527; x_wconf 87' lang='lat' dir='ltr'>molestior</span> <span class='ocrx_word' id='word_1_106' title='bbox 360 1486 402 1539; x_wconf 86' lang='lat' dir='ltr'>cst,</span> <span class='ocrx_word' id='word_1_107' title='bbox 420 1495 469 1526; x_wconf 91' lang='lat' dir='ltr'>enm</span> <span class='ocrx_word' id='word_1_108' title='bbox 485 1483 523 1527; x_wconf 80' lang='lat' dir='ltr'>uix</span> <span class='ocrx_word' id='word_1_109' title='bbox 535 1481 625 1527; x_wconf 90' lang='lat' dir='ltr'>dubium</span> <span class='ocrx_word' id='word_1_110' title='bbox 638 1481 691 1527; x_wconf 89' lang='lat' dir='ltr'>mihi</span> <span class='ocrx_word' id='word_1_111' title='bbox 705 1483 741 1539; x_wconf 90' lang='lat' dir='ltr'>sit,</span> <span class='ocrx_word' id='word_1_112' title='bbox 757 1485 779 1526; x_wconf 88' lang='lat' dir='ltr'>te</span> <span class='ocrx_word' id='word_1_113' title='bbox 799 1482 827 1526; x_wconf 90' lang='lat' dir='ltr'>de</span> <span class='ocrx_word' id='word_1_114' title='bbox 843 1483 890 1527; x_wconf 83' lang='lat' dir='ltr'>Se·</span> <span class='ocrx_word' id='word_1_115' title='bbox 955 1481 957 1484; x_wconf 75' lang='grc'><strong>’</strong></span> 
     </span>
    </p>
   </div>
   <div class='ocr_carea' id='block_1_5' title="bbox 30 1559 890 3228">
    <p class='ocr_par' dir='ltr' id='par_1_7' title="bbox 30 1559 890 3228">
     <span class='ocr_line' id='line_1_17' title="bbox 31 1559 890 1622; baseline 0 -17"><span class='ocrx_word' id='word_1_116' title='bbox 31 1559 81 1606; x_wconf 76' lang='lat' dir='ltr'>lteri</span> <span class='ocrx_word' id='word_1_117' title='bbox 99 1560 186 1619; x_wconf 81' lang='lat' dir='ltr'>placitis</span> <span class='ocrx_word' id='word_1_118' title='bbox 203 1575 249 1606; x_wconf 90' lang='lat' dir='ltr'>non</span> <span class='ocrx_word' id='word_1_119' title='bbox 266 1562 314 1621; x_wconf 92' lang='lat' dir='ltr'>plus</span> <span class='ocrx_word' id='word_1_120' title='bbox 332 1563 482 1620; x_wconf 86' lang='lat' dir='ltr'>comperisse,</span> <span class='ocrx_word' id='word_1_121' title='bbox 494 1575 560 1621; x_wconf 73' lang='lat' dir='ltr'>iprum</span> <span class='ocrx_word' id='word_1_122' title='bbox 577 1563 605 1607; x_wconf 92' lang='lat' dir='ltr'>de</span> <span class='ocrx_word' id='word_1_123' title='bbox 623 1575 651 1608; x_wconf 91' lang='lat' dir='ltr'>eo</span> <span class='ocrx_word' id='word_1_124' title='bbox 668 1564 691 1607; x_wconf 92' lang='lat' dir='ltr'>in</span> <span class='ocrx_word' id='word_1_125' title='bbox 707 1561 890 1622; x_wconf 85' lang='lat' dir='ltr'>Wegseheidero</span> 
     </span>
     <span class='ocr_line' id='line_1_18' title="bbox 32 1626 890 1703; baseline 0 -17"><span class='ocrx_word' id='word_1_126' title='bbox 32 1646 71 1687; x_wconf 90' lang='lat' dir='ltr'>tuo</span> <span class='ocrx_word' id='word_1_127' title='bbox 89 1641 184 1687; x_wconf 79' lang='lat' dir='ltr'>relatum</span> <span class='ocrx_word' id='word_1_128' title='bbox 202 1648 252 1700; x_wconf 89' lang='lat' dir='ltr'>est,</span> <span class='ocrx_word' id='word_1_129' title='bbox 274 1648 296 1688; x_wconf 91' lang='lat' dir='ltr'>et</span> <span class='ocrx_word' id='word_1_130' title='bbox 321 1626 501 1703; x_wconf 83' lang='lat' dir='ltr'>Wegseheidero</span> <span class='ocrx_word' id='word_1_131' title='bbox 524 1656 554 1688; x_wconf 91' lang='lat' dir='ltr'>ne</span> <span class='ocrx_word' id='word_1_132' title='bbox 577 1643 648 1688; x_wconf 87' lang='lat' dir='ltr'>oeulis</span> <span class='ocrx_word' id='word_1_133' title='bbox 671 1642 760 1701; x_wconf 89' lang='lat' dir='ltr'>quidem</span> <span class='ocrx_word' id='word_1_134' title='bbox 781 1643 841 1687; x_wconf 80' lang='lat' dir='ltr'>hanc</span> <span class='ocrx_word' id='word_1_135' title='bbox 859 1642 890 1686; x_wconf 82' lang='lat' dir='ltr'>ol)</span> 
     </span>
     <span class='ocr_line' id='line_1_19' title="bbox 32 1722 889 1784; baseline -0.001 -17"><span class='ocrx_word' id='word_1_136' title='bbox 32 1735 80 1767; x_wconf 90' lang='lat' dir='ltr'>rem</span> <span class='ocrx_word' id='word_1_137' title='bbox 98 1722 232 1781; x_wconf 80' lang='lat' dir='ltr'>perlustrato</span> <span class='ocrx_word' id='word_1_138' title='bbox 246 1727 322 1768; x_wconf 85' lang='lat' dir='ltr'>tumen</span> <span class='ocrx_word' id='word_1_139' title='bbox 338 1737 420 1784; x_wconf 80' lang='lat' dir='ltr'>niagno</span> <span class='ocrx_word' id='word_1_140' title='bbox 436 1725 484 1769; x_wconf 91' lang='lat' dir='ltr'>veri</span> <span class='ocrx_word' id='word_1_141' title='bbox 501 1724 644 1770; x_wconf 85' lang='lat' dir='ltr'>similitudine</span> <span class='ocrx_word' id='word_1_142' title='bbox 661 1724 773 1769; x_wconf 78' lang='lat' dir='ltr'>affirmare</span> <span class='ocrx_word' id='word_1_143' title='bbox 789 1736 889 1782; x_wconf 85' lang='lat' dir='ltr'>possum,</span> 
     </span>
     <span class='ocr_line' id='line_1_20' title="bbox 30 1804 889 1863; baseline -0.001 -15"><span class='ocrx_word' id='word_1_144' title='bbox 30 1804 54 1848; x_wconf 89' lang='lat' dir='ltr'>in</span> <span class='ocrx_word' id='word_1_145' title='bbox 75 1804 249 1863; x_wconf 87' lang='lat' dir='ltr'>Wegsoheideri</span> <span class='ocrx_word' id='word_1_146' title='bbox 273 1805 331 1850; x_wconf 88' lang='lat' dir='ltr'>libro</span> <span class='ocrx_word' id='word_1_147' title='bbox 356 1805 465 1851; x_wconf 77' lang='lat' dir='ltr'>Seiterum</span> <span class='ocrx_word' id='word_1_148' title='bbox 488 1804 548 1850; x_wconf 81' lang='lat' dir='ltr'>houd</span> <span class='ocrx_word' id='word_1_149' title='bbox 571 1806 691 1850; x_wconf 78' lang='lat' dir='ltr'>nominari.</span> <span class='ocrx_word' id='word_1_150' title='bbox 723 1804 768 1851; x_wconf 87' lang='lat' dir='ltr'>Sed</span> <span class='ocrx_word' id='word_1_151' title='bbox 789 1804 889 1850; x_wconf 85' lang='lat' dir='ltr'>Seberus</span> 
     </span>
     <span class='ocr_line' id='line_1_21' title="bbox 31 1882 887 1946; baseline -0.004 -17"><span class='ocrx_word' id='word_1_152' title='bbox 31 1885 114 1946; x_wconf 81' lang='lat' dir='ltr'>aliquot</span> <span class='ocrx_word' id='word_1_153' title='bbox 128 1885 198 1930; x_wconf 87' lang='lat' dir='ltr'>libros</span> <span class='ocrx_word' id='word_1_154' title='bbox 214 1884 291 1941; x_wconf 89' lang='lat' dir='ltr'>edidit,</span> <span class='ocrx_word' id='word_1_155' title='bbox 308 1886 331 1928; x_wconf 89' lang='lat' dir='ltr'>in</span> <span class='ocrx_word' id='word_1_156' title='bbox 348 1884 428 1943; x_wconf 82' lang='lat' dir='ltr'>quihus</span> <span class='ocrx_word' id='word_1_157' title='bbox 439 1885 493 1929; x_wconf 86' lang='lat' dir='ltr'>eins</span> <span class='ocrx_word' id='word_1_158' title='bbox 511 1884 538 1928; x_wconf 91' lang='lat' dir='ltr'>de</span> <span class='ocrx_word' id='word_1_159' title='bbox 550 1884 662 1944; x_wconf 88' lang='lat' dir='ltr'>religione</span> <span class='ocrx_word' id='word_1_160' title='bbox 672 1889 694 1929; x_wconf 93' lang='lat' dir='ltr'>et</span> <span class='ocrx_word' id='word_1_161' title='bbox 704 1883 819 1943; x_wconf 80' lang='lat' dir='ltr'>theologia</span> <span class='ocrx_word' id='word_1_162' title='bbox 836 1882 887 1941; x_wconf 84' lang='lat' dir='ltr'>pln-</span> 
     </span>
     <span class='ocr_line' id='line_1_22' title="bbox 31 1964 887 2026; baseline -0.002 -16"><span class='ocrx_word' id='word_1_163' title='bbox 31 1967 75 2011; x_wconf 86' lang='lat' dir='ltr'>citn</span> <span class='ocrx_word' id='word_1_164' title='bbox 89 1980 118 2012; x_wconf 85' lang='lat' dir='ltr'>ex</span> <span class='ocrx_word' id='word_1_165' title='bbox 127 1972 191 2026; x_wconf 84' lang='lat' dir='ltr'>purte</span> <span class='ocrx_word' id='word_1_166' title='bbox 200 1966 316 2025; x_wconf 81' lang='lat' dir='ltr'>proposita</span> <span class='ocrx_word' id='word_1_167' title='bbox 331 1971 388 2011; x_wconf 90' lang='lat' dir='ltr'>suut.</span> <span class='ocrx_word' id='word_1_168' title='bbox 419 1965 481 2011; x_wconf 80' lang='lat' dir='ltr'>Haec</span> <span class='ocrx_word' id='word_1_169' title='bbox 492 1967 584 2025; x_wconf 77' lang='lat' dir='ltr'>scripta,</span> <span class='ocrx_word' id='word_1_170' title='bbox 604 1978 662 2023; x_wconf 79' lang='lat' dir='ltr'>quae</span> <span class='ocrx_word' id='word_1_171' title='bbox 677 1965 725 2022; x_wconf 87' lang='lat' dir='ltr'>tihi,</span> <span class='ocrx_word' id='word_1_172' title='bbox 740 1969 764 2010; x_wconf 90' lang='lat' dir='ltr'>ut</span> <span class='ocrx_word' id='word_1_173' title='bbox 778 1964 887 2023; x_wconf 88' lang='lat' dir='ltr'>religioso</span> 
     </span>
     <span class='ocr_line' id='line_1_23' title="bbox 30 2045 888 2105; baseline -0.001 -16"><span class='ocrx_word' id='word_1_174' title='bbox 30 2058 104 2090; x_wconf 88' lang='lat' dir='ltr'>rerum</span> <span class='ocrx_word' id='word_1_175' title='bbox 121 2047 225 2105; x_wconf 84' lang='lat' dir='ltr'>scriptori</span> <span class='ocrx_word' id='word_1_176' title='bbox 237 2046 335 2105; x_wconf 81' lang='lat' dir='ltr'>legendo</span> <span class='ocrx_word' id='word_1_177' title='bbox 352 2050 422 2103; x_wconf 76' lang='lat' dir='ltr'>crant,</span> <span class='ocrx_word' id='word_1_178' title='bbox 437 2050 553 2104; x_wconf 79' lang='lat' dir='ltr'>anterpmm</span> <span class='ocrx_word' id='word_1_179' title='bbox 567 2045 594 2089; x_wconf 82' lang='lat' dir='ltr'>tle</span> <span class='ocrx_word' id='word_1_180' title='bbox 604 2045 722 2089; x_wconf 85' lang='lat' dir='ltr'>Hermesio</span> <span class='ocrx_word' id='word_1_181' title='bbox 734 2045 807 2089; x_wconf 84' lang='lat' dir='ltr'>minus</span> <span class='ocrx_word' id='word_1_182' title='bbox 817 2058 888 2104; x_wconf 87' lang='lat' dir='ltr'>egre-</span> 
     </span>
     <span class='ocr_line' id='line_1_24' title="bbox 31 2126 886 2184; baseline -0.001 -14"><span class='ocrx_word' id='word_1_183' title='bbox 31 2126 69 2184; x_wconf 83' lang='lat' dir='ltr'>gia</span> <span class='ocrx_word' id='word_1_184' title='bbox 86 2127 251 2183; x_wconf 83' lang='lat' dir='ltr'>conscriberes,</span> <span class='ocrx_word' id='word_1_185' title='bbox 267 2129 310 2171; x_wconf 82' lang='lat' dir='ltr'>ium</span> <span class='ocrx_word' id='word_1_186' title='bbox 326 2131 350 2170; x_wconf 89' lang='lat' dir='ltr'>ut</span> <span class='ocrx_word' id='word_1_187' title='bbox 365 2126 430 2184; x_wconf 84' lang='lat' dir='ltr'>legas</span> <span class='ocrx_word' id='word_1_188' title='bbox 447 2131 469 2170; x_wconf 90' lang='lat' dir='ltr'>te</span> <span class='ocrx_word' id='word_1_189' title='bbox 487 2126 603 2180; x_wconf 78' lang='lat' dir='ltr'>adhortor,</span> <span class='ocrx_word' id='word_1_190' title='bbox 621 2138 665 2184; x_wconf 81' lang='lat' dir='ltr'>quo</span> <span class='ocrx_word' id='word_1_191' title='bbox 680 2126 740 2170; x_wconf 82' lang='lat' dir='ltr'>laeto</span> <span class='ocrx_word' id='word_1_192' title='bbox 761 2126 814 2184; x_wconf 89' lang='lat' dir='ltr'>quid</span> <span class='ocrx_word' id='word_1_193' title='bbox 829 2138 886 2170; x_wconf 90' lang='lat' dir='ltr'>sen-</span> 
     </span>
     <span class='ocr_line' id='line_1_25' title="bbox 30 2204 884 2265; baseline 0.001 -16"><span class='ocrx_word' id='word_1_194' title='bbox 30 2206 71 2250; x_wconf 81' lang='lat' dir='ltr'>tius</span> <span class='ocrx_word' id='word_1_195' title='bbox 84 2206 149 2251; x_wconf 85' lang='lat' dir='ltr'>nohis</span> <span class='ocrx_word' id='word_1_196' title='bbox 160 2218 267 2265; x_wconf 80' lang='lat' dir='ltr'>expones.</span> <span class='ocrx_word' id='word_1_197' title='bbox 292 2206 348 2251; x_wconf 88' lang='lat' dir='ltr'>Num</span> <span class='ocrx_word' id='word_1_198' title='bbox 363 2209 387 2249; x_wconf 92' lang='lat' dir='ltr'>tn</span> <span class='ocrx_word' id='word_1_199' title='bbox 400 2204 468 2263; x_wconf 88' lang='lat' dir='ltr'>igitur</span> <span class='ocrx_word' id='word_1_200' title='bbox 482 2204 539 2249; x_wconf 83' lang='lat' dir='ltr'>hoec</span> <span class='ocrx_word' id='word_1_201' title='bbox 553 2204 635 2262; x_wconf 78' lang='lat' dir='ltr'>placita</span> <span class='ocrx_word' id='word_1_202' title='bbox 647 2219 687 2263; x_wconf 92' lang='lat' dir='ltr'>pro</span> <span class='ocrx_word' id='word_1_203' title='bbox 704 2206 748 2249; x_wconf 91' lang='lat' dir='ltr'>tuis</span> <span class='ocrx_word' id='word_1_204' title='bbox 767 2204 884 2250; x_wconf 83' lang='lat' dir='ltr'>declarare</span> 
     </span>
     <span class='ocr_line' id='line_1_26' title="bbox 31 2285 886 2344; baseline -0.001 -11"><span class='ocrx_word' id='word_1_205' title='bbox 31 2287 141 2333; x_wconf 82' lang='lat' dir='ltr'>oudeltis?</span> <span class='ocrx_word' id='word_1_206' title='bbox 154 2287 317 2344; x_wconf 81' lang='lat' dir='ltr'>llininrevero⁷</span> <span class='ocrx_word' id='word_1_207' title='bbox 336 2285 439 2344; x_wconf 77' lang='lat' dir='ltr'>quamdiu</span> <span class='ocrx_word' id='word_1_208' title='bbox 449 2288 473 2330; x_wconf 91' lang='lat' dir='ltr'>in</span> <span class='ocrx_word' id='word_1_209' title='bbox 489 2297 582 2330; x_wconf 86' lang='lat' dir='ltr'>munere</span> <span class='ocrx_word' id='word_1_210' title='bbox 598 2290 636 2331; x_wconf 91' lang='lat' dir='ltr'>tuo</span> <span class='ocrx_word' id='word_1_211' title='bbox 645 2286 731 2331; x_wconf 79' lang='lat' dir='ltr'>Romae</span> <span class='ocrx_word' id='word_1_212' title='bbox 747 2288 847 2331; x_wconf 77' lang='lat' dir='ltr'>versuris</span> <span class='ocrx_word' id='word_1_213' title='bbox 864 2291 886 2332; x_wconf 91' lang='lat' dir='ltr'>et</span> 
     </span>
     <span class='ocr_line' id='line_1_27' title="bbox 30 2366 887 2425; baseline -0.001 -12"><span class='ocrx_word' id='word_1_214' title='bbox 30 2369 117 2414; x_wconf 84' lang='lat' dir='ltr'>versari</span> <span class='ocrx_word' id='word_1_215' title='bbox 132 2368 203 2415; x_wconf 88' lang='lat' dir='ltr'>voles.</span> <span class='ocrx_word' id='word_1_216' title='bbox 241 2367 297 2412; x_wconf 83' lang='lat' dir='ltr'>Nam</span> <span class='ocrx_word' id='word_1_217' title='bbox 320 2380 367 2412; x_wconf 90' lang='lat' dir='ltr'>non</span> <span class='ocrx_word' id='word_1_218' title='bbox 388 2366 465 2411; x_wconf 87' lang='lat' dir='ltr'>licebit</span> <span class='ocrx_word' id='word_1_219' title='bbox 486 2366 526 2411; x_wconf 92' lang='lat' dir='ltr'>tibi</span> <span class='ocrx_word' id='word_1_220' title='bbox 542 2366 627 2411; x_wconf 80' lang='lat' dir='ltr'>Romae</span> <span class='ocrx_word' id='word_1_221' title='bbox 645 2367 745 2425; x_wconf 89' lang='lat' dir='ltr'>prohteri</span> <span class='ocrx_word' id='word_1_222' title='bbox 762 2367 799 2412; x_wconf 89' lang='lat' dir='ltr'>dei</span> <span class='ocrx_word' id='word_1_223' title='bbox 823 2368 887 2412; x_wconf 82' lang='lat' dir='ltr'>exsi-</span> 
     </span>
     <span class='ocr_line' id='line_1_28' title="bbox 31 2444 886 2507; baseline -0.001 -15"><span class='ocrx_word' id='word_1_224' title='bbox 31 2449 134 2494; x_wconf 82' lang='lat' dir='ltr'>stentiam</span> <span class='ocrx_word' id='word_1_225' title='bbox 146 2449 236 2494; x_wconf 85' lang='lat' dir='ltr'>ratione</span> <span class='ocrx_word' id='word_1_226' title='bbox 247 2448 340 2507; x_wconf 79' lang='lat' dir='ltr'>probari</span> <span class='ocrx_word' id='word_1_227' title='bbox 352 2461 398 2492; x_wconf 90' lang='lat' dir='ltr'>non</span> <span class='ocrx_word' id='word_1_228' title='bbox 410 2461 486 2506; x_wconf 90' lang='lat' dir='ltr'>posse,</span> <span class='ocrx_word' id='word_1_229' title='bbox 502 2461 549 2492; x_wconf 92' lang='lat' dir='ltr'>non</span> <span class='ocrx_word' id='word_1_230' title='bbox 558 2444 636 2492; x_wconf 86' lang='lat' dir='ltr'>licebit</span> <span class='ocrx_word' id='word_1_231' title='bbox 653 2447 786 2493; x_wconf 82' lang='lat' dir='ltr'>tihiilomue</span> <span class='ocrx_word' id='word_1_232' title='bbox 797 2461 886 2493; x_wconf 88' lang='lat' dir='ltr'>ornnem</span> 
     </span>
     <span class='ocr_line' id='line_1_29' title="bbox 32 2527 888 2593; baseline 0 -20"><span class='ocrx_word' id='word_1_233' title='bbox 32 2528 132 2573; x_wconf 90' lang='lat' dir='ltr'>ordinem</span> <span class='ocrx_word' id='word_1_234' title='bbox 149 2542 224 2573; x_wconf 90' lang='lat' dir='ltr'>rerum</span> <span class='ocrx_word' id='word_1_235' title='bbox 240 2529 270 2573; x_wconf 82' lang='lat' dir='ltr'>itu</span> <span class='ocrx_word' id='word_1_236' title='bbox 287 2532 425 2586; x_wconf 87' lang='lat' dir='ltr'>pervertere,</span> <span class='ocrx_word' id='word_1_237' title='bbox 441 2533 466 2572; x_wconf 93' lang='lat' dir='ltr'>ul</span> <span class='ocrx_word' id='word_1_238' title='bbox 480 2527 573 2582; x_wconf 80' lang='lat' dir='ltr'>docens,</span> <span class='ocrx_word' id='word_1_239' title='bbox 585 2527 719 2587; x_wconf 87' lang='lat' dir='ltr'>religionem</span> <span class='ocrx_word' id='word_1_240' title='bbox 730 2541 777 2593; x_wconf 83' lang='lat' dir='ltr'>non</span> <span class='ocrx_word' id='word_1_241' title='bbox 791 2528 827 2574; x_wconf 90' lang='lat' dir='ltr'>dei</span> <span class='ocrx_word' id='word_1_242' title='bbox 844 2542 888 2573; x_wconf 89' lang='lat' dir='ltr'>co-</span> 
     </span>
     <span class='ocr_line' id='line_1_30' title="bbox 31 2607 887 2667; baseline 0.002 -15"><span class='ocrx_word' id='word_1_243' title='bbox 31 2611 131 2667; x_wconf 82' lang='lat' dir='ltr'>gnitione</span> <span class='ocrx_word' id='word_1_244' title='bbox 148 2608 261 2667; x_wconf 91' lang='lat' dir='ltr'>prolluere</span> <span class='ocrx_word' id='word_1_245' title='bbox 282 2607 323 2652; x_wconf 89' lang='lat' dir='ltr'>sed</span> <span class='ocrx_word' id='word_1_246' title='bbox 343 2608 477 2667; x_wconf 89' lang='lat' dir='ltr'>religionem</span> <span class='ocrx_word' id='word_1_247' title='bbox 495 2620 548 2652; x_wconf 88' lang='lat' dir='ltr'>esse</span> <span class='ocrx_word' id='word_1_248' title='bbox 565 2607 649 2653; x_wconf 84' lang='lat' dir='ltr'>fontem</span> <span class='ocrx_word' id='word_1_249' title='bbox 666 2610 689 2653; x_wconf 92' lang='lat' dir='ltr'>in</span> <span class='ocrx_word' id='word_1_250' title='bbox 706 2622 749 2667; x_wconf 84' lang='lat' dir='ltr'>quo</span> <span class='ocrx_word' id='word_1_251' title='bbox 768 2610 840 2654; x_wconf 90' lang='lat' dir='ltr'>omnis</span> <span class='ocrx_word' id='word_1_252' title='bbox 858 2610 887 2653; x_wconf 88' lang='lat' dir='ltr'>de</span> 
     </span>
     <span class='ocr_line' id='line_1_31' title="bbox 32 2673 888 2748; baseline 0.001 -17"><span class='ocrx_word' id='word_1_253' title='bbox 32 2687 74 2734; x_wconf 90' lang='lat' dir='ltr'>deo</span> <span class='ocrx_word' id='word_1_254' title='bbox 91 2689 193 2748; x_wconf 79' lang='lat' dir='ltr'>qrroestio</span> <span class='ocrx_word' id='word_1_255' title='bbox 205 2673 301 2746; x_wconf 53' lang='lat' dir='ltr'>[onmis</span> <span class='ocrx_word' id='word_1_256' title='bbox 318 2687 447 2748; x_wconf 81' lang='lat' dir='ltr'>theologice</span> <span class='ocrx_word' id='word_1_257' title='bbox 460 2688 562 2733; x_wconf 79' lang='lat' dir='ltr'>doctrino</span> <span class='ocrx_word' id='word_1_258' title='bbox 578 2690 731 2746; x_wconf 60' lang='lat' dir='ltr'>continentum</span> <span class='ocrx_word' id='word_1_259' title='bbox 745 2704 796 2735; x_wconf 38' lang='lat' dir='ltr'>*non</span> <span class='ocrx_word' id='word_1_260' title='bbox 811 2689 888 2733; x_wconf 85' lang='lat' dir='ltr'>licebit</span> 
     </span>
     <span class='ocr_line' id='line_1_32' title="bbox 31 2757 885 2829; baseline 0.002 -19"><span class='ocrx_word' id='word_1_261' title='bbox 31 2767 70 2814; x_wconf 89' lang='lat' dir='ltr'>tibi</span> <span class='ocrx_word' id='word_1_262' title='bbox 84 2769 169 2815; x_wconf 82' lang='lat' dir='ltr'>Romae</span> <span class='ocrx_word' id='word_1_263' title='bbox 185 2757 317 2828; x_wconf 76' lang='lat' dir='ltr'>praedicare</span> <span class='ocrx_word' id='word_1_264' title='bbox 332 2769 391 2814; x_wconf 77' lang='lat' dir='ltr'>illem</span> <span class='ocrx_word' id='word_1_265' title='bbox 408 2769 487 2827; x_wconf 76' lang='lat' dir='ltr'>poesin</span> <span class='ocrx_word' id='word_1_266' title='bbox 505 2783 570 2829; x_wconf 78' lang='lat' dir='ltr'>qirnm</span> <span class='ocrx_word' id='word_1_267' title='bbox 587 2782 658 2827; x_wconf 90' lang='lat' dir='ltr'>nuper</span> <span class='ocrx_word' id='word_1_268' title='bbox 675 2783 725 2814; x_wconf 91' lang='lat' dir='ltr'>enm</span> <span class='ocrx_word' id='word_1_269' title='bbox 738 2771 824 2816; x_wconf 83' lang='lat' dir='ltr'>Sebero</span> <span class='ocrx_word' id='word_1_270' title='bbox 841 2769 885 2812; x_wconf 80' lang='lat' dir='ltr'>ad-</span> 
     </span>
     <span class='ocr_line' id='line_1_33' title="bbox 32 2847 887 2909; baseline -0.001 -18"><span class='ocrx_word' id='word_1_271' title='bbox 32 2850 121 2895; x_wconf 90' lang='lat' dir='ltr'>modum</span> <span class='ocrx_word' id='word_1_272' title='bbox 138 2849 283 2895; x_wconf 89' lang='lat' dir='ltr'>eonsentiens</span> <span class='ocrx_word' id='word_1_273' title='bbox 305 2847 435 2907; x_wconf 79' lang='lat' dir='ltr'>Berlegius,</span> <span class='ocrx_word' id='word_1_274' title='bbox 460 2849 589 2909; x_wconf 80' lang='lat' dir='ltr'>theologiae</span> <span class='ocrx_word' id='word_1_275' title='bbox 614 2848 740 2893; x_wconf 83' lang='lat' dir='ltr'>catholicoe</span> <span class='ocrx_word' id='word_1_276' title='bbox 756 2850 779 2892; x_wconf 93' lang='lat' dir='ltr'>in</span> <span class='ocrx_word' id='word_1_277' title='bbox 799 2848 887 2891; x_wconf 78' lang='lat' dir='ltr'>acade-</span> 
     </span>
     <span class='ocr_line' id='line_1_34' title="bbox 32 2927 888 2991; baseline 0.005 -23"><span class='ocrx_word' id='word_1_278' title='bbox 32 2927 75 2973; x_wconf 80' lang='lat' dir='ltr'>mia</span> <span class='ocrx_word' id='word_1_279' title='bbox 101 2943 159 2988; x_wconf 84' lang='lat' dir='ltr'>quae</span> <span class='ocrx_word' id='word_1_280' title='bbox 179 2927 310 2991; x_wconf 83' lang='lat' dir='ltr'>hlouasterii</span> <span class='ocrx_word' id='word_1_281' title='bbox 331 2927 512 2987; x_wconf 79' lang='lat' dir='ltr'>Westphalorurn</span> <span class='ocrx_word' id='word_1_282' title='bbox 529 2928 606 2984; x_wconf 79' lang='lat' dir='ltr'>iloret,</span> <span class='ocrx_word' id='word_1_283' title='bbox 629 2927 717 2985; x_wconf 84' lang='lat' dir='ltr'>publice</span> <span class='ocrx_word' id='word_1_284' title='bbox 740 2927 888 2972; x_wconf 81' lang='lat' dir='ltr'>commenda-</span> 
     </span>
     <span class='ocr_line' id='line_1_35' title="bbox 32 3006 889 3069; baseline 0.005 -20"><span class='ocrx_word' id='word_1_285' title='bbox 32 3006 75 3065; x_wconf 83' lang='lat' dir='ltr'>uit,</span> <span class='ocrx_word' id='word_1_286' title='bbox 100 3009 180 3067; x_wconf 78' lang='lat' dir='ltr'>,telem</span> <span class='ocrx_word' id='word_1_287' title='bbox 204 3022 284 3069; x_wconf 89' lang='lat' dir='ltr'>nempe</span> <span class='ocrx_word' id='word_1_288' title='bbox 307 3022 382 3054; x_wconf 88' lang='lat' dir='ltr'>rerum</span> <span class='ocrx_word' id='word_1_289' title='bbox 410 3008 536 3054; x_wconf 82' lang='lat' dir='ltr'>divinarum</span> <span class='ocrx_word' id='word_1_290' title='bbox 555 3007 724 3067; x_wconf 76' lang='lat' dir='ltr'>intelligentiam</span> <span class='ocrx_word' id='word_1_291' title='bbox 740 3020 791 3052; x_wconf 87' lang='lat' dir='ltr'>esse</span> <span class='ocrx_word' id='word_1_292' title='bbox 815 3022 889 3066; x_wconf 74' lang='lat' dir='ltr'>‹pnoe-</span> 
     </span>
     <span class='ocr_line' id='line_1_36' title="bbox 32 3084 887 3147; baseline 0.005 -19"><span class='ocrx_word' id='word_1_293' title='bbox 32 3088 132 3147; x_wconf 79' lang='lat' dir='ltr'>rendum,</span> <span class='ocrx_word' id='word_1_294' title='bbox 153 3096 177 3135; x_wconf 91' lang='lat' dir='ltr'>ul</span> <span class='ocrx_word' id='word_1_295' title='bbox 196 3095 275 3135; x_wconf 74' lang='lat' dir='ltr'>notura</span> <span class='ocrx_word' id='word_1_296' title='bbox 294 3101 370 3133; x_wconf 82' lang='lat' dir='ltr'>earum</span> <span class='ocrx_word' id='word_1_297' title='bbox 392 3090 532 3135; x_wconf 74' lang='lat' dir='ltr'>electiones</span> <span class='ocrx_word' id='word_1_298' title='bbox 549 3093 592 3134; x_wconf 87' lang='lat' dir='ltr'>lum</span> <span class='ocrx_word' id='word_1_299' title='bbox 615 3092 723 3132; x_wconf 74' lang='lat' dir='ltr'>externae</span> <span class='ocrx_word' id='word_1_300' title='bbox 745 3084 790 3132; x_wconf 87' lang='lat' dir='ltr'>tum</span> <span class='ocrx_word' id='word_1_301' title='bbox 812 3088 887 3133; x_wconf 74' lang='lat' dir='ltr'>iliter-</span> 
     </span>
     <span class='ocr_line' id='line_1_37' title="bbox 32 3169 887 3228; baseline 0.006 -18"><span class='ocrx_word' id='word_1_302' title='bbox 32 3176 74 3211; x_wconf 77' lang='lat' dir='ltr'>uoo</span> <span class='ocrx_word' id='word_1_303' title='bbox 95 3169 280 3228; x_wconf 81' lang='lat' dir='ltr'>perspicinotur,</span> <span class='ocrx_word' id='word_1_304' title='bbox 308 3174 333 3213; x_wconf 88' lang='lat' dir='ltr'>ot</span> <span class='ocrx_word' id='word_1_305' title='bbox 356 3169 455 3215; x_wconf 84' lang='lat' dir='ltr'>luooono</span> <span class='ocrx_word' id='word_1_306' title='bbox 480 3184 530 3215; x_wconf 82' lang='lat' dir='ltr'>osse</span> <span class='ocrx_word' id='word_1_307' title='bbox 551 3171 679 3226; x_wconf 80' lang='lat' dir='ltr'>oppureout</span> <span class='ocrx_word' id='word_1_308' title='bbox 704 3169 780 3214; x_wconf 74' lang='lat' dir='ltr'>euticio</span> <span class='ocrx_word' id='word_1_309' title='bbox 806 3169 887 3218; x_wconf 77' lang='lat' dir='ltr'>diuinet</span> 
     </span>
    </p>
   </div>
   <div class='ocr_carea' id='block_1_6' title="bbox 0 0 994 3399">
    <p class='ocr_par' dir='ltr' id='par_1_8' title="bbox 0 0 994 3399">
     <span class='ocr_line' id='line_1_38' title="bbox 0 0 994 3399; baseline 0 0"><span class='ocrx_word' id='word_1_310' title='bbox 0 0 994 3399; x_wconf 95' lang='lat' dir='ltr'> </span> 
     </span>
    </p>
   </div>
  </div>
 </body>
</html>
