1979 3399
340 79 542 132 *aad-

15 227 114 284 reputes,
130 224 189 271 hanc
207 225 331 271 doctrinam
348 229 453 284 tanquam
472 224 660 271 condemnatione
677 223 767 284 dignam
785 224 869 270 lnthe-

16 306 80 352 sibus
105 306 276 352 Coloniensibns
292 306 424 366 reprobari⁷
451 312 518 366 atque
541 319 554 351 a
574 305 664 351 clericis
691 304 869 351 archidioeoesis

17 387 159 434 Coloniensis
175 382 311 446 postulatum
328 400 395 445 esse,
418 393 443 434 ut
458 389 517 434 trano
534 388 659 434 doctrinam
677 388 808 433 solemniter
827 379 870 432 ab·

16 468 132 515 iurarent!
172 467 270 528 Reputes
288 469 312 513 in
329 468 409 514 iisdem
426 469 525 515 thesibus
543 468 667 514 doctrinam
684 482 735 514 csse
753 470 870 526 sancitam,

14 564 56 611 pro
67 549 169 596 doctrina
185 550 296 596 catholica
312 550 457 610 venditatum,
476 565 540 611 quarn
552 549 682 609 obsordere,
697 565 762 611 quam
778 551 870 609 turpiora

16 633 84 676 vocat
91 643 110 676 s.
120 629 300 689 chrysostomus,
313 644 370 690 quae
381 631 463 677 nnllam
479 631 544 677 aliam
558 632 776 679 commendationem
786 646 815 679 ex
825 646 870 677 an-

15 712 116 771 tiquitate
134 711 211 771 habet,
226 726 292 772 quam
309 712 485 771 Epicureorum!
517 713 615 773 Reputes
632 715 707 773 ctiam,
722 714 807 760 hennae
818 725 870 758 esse

15 790 126 851 publicum
148 791 277 853 theologiae
298 793 466 852 professorem,
491 793 598 839 loannem
613 795 754 853 Perronr'nm,
769 800 814 840 tam
830 795 870 839 in-

17 874 87 918 scium
102 878 140 919 aut
157 873 225 919 officii
241 875 277 920 sui
294 875 325 922 ita
340 888 433 936 prorsus
451 876 551 935 oblitum,
567 882 590 923 ut
606 875 679 938 palam
696 877 808 923 affirmare
824 886 870 921 non

18 953 140 1020 detrectet:

112 1034 171 1094 „Has
194 1033 349 1096 duodeviginti
369 1036 446 1082 theses
469 1038 524 1084 nihil
546 1050 597 1083 esse
619 1039 663 1083 nisi
680 1043 807 1084 accuratam
825 1037 871 1082 do·
923 1025 925 1033 ’

113 1117 199 1162 ctriuae
223 1115 349 1162 catholicae
372 1118 536 1176 expositionem
551 1118 575 1163 in
598 1119 701 1165 omnibus
724 1119 768 1176 iis,
792 1118 871 1178 quibus

111 1197 242 1243 Hermesius
261 1198 289 1243 ab
306 1211 334 1242 ea
350 1198 472 1244 discedant<
489 1227 518 1234 —

80 1278 186 1338 Repetas,
203 1291 261 1337 quae
277 1282 460 1339 consequentiae
471 1282 494 1325 in
506 1294 529 1327 s.
546 1280 628 1334 sedem·
642 1279 809 1326 redundaturae
818 1280 870 1336 sint,

19 1360 132 1407 siveram
149 1365 184 1405 est
200 1358 261 1422 quod
277 1359 401 1406 Perronins
417 1361 505 1420 publice
522 1362 653 1407 affirmavit!
686 1362 741 1406 Turn
757 1361 817 1406 enim
831 1373 872 1407 se-

19 1441 60 1487 des
75 1427 200 1500 apostolica
217 1455 267 1487 earn
289 1440 413 1487 doctrinam
438 1442 610 1501 condemnavit,
636 1455 702 1502 quarn
725 1442 871 1501 antiquissimi

22 1523 142 1569 Christiani
150 1521 301 1581 crediderunt,
312 1527 388 1582 patres
398 1523 473 1568 testati
485 1528 543 1582 sunt,
553 1523 654 1584 theologi
666 1523 796 1580 docuerunt,
810 1536 874 1568 surn-

18 1604 48 1649 mi
64 1603 182 1663 pontifices
198 1602 392 1662 adprobaverunt,
409 1615 519 1662 quamque
541 1616 620 1649 omnes
641 1602 735 1662 parochi
758 1602 871 1660 catholici,

20 1685 131 1744 siquidem
148 1686 233 1731 faciunt
249 1684 309 1743 quod
327 1698 340 1729 a
355 1698 440 1731 summo
457 1685 563 1743 pontifice
578 1686 606 1730 iis
623 1688 768 1744 praeceptum
784 1689 833 1741 est3
846 1699 875 1730 ex

21 1763 159 1811 catechismo
184 1764 274 1810 concilii
298 1764 422 1810 Tridentini
445 1764 528 1823 ubique
545 1768 649 1822 tanquam
667 1763 791 1808 doctrinam
807 1766 875 1811 Chri-

21 1842 245 1889 stiano-catholicam
262 1843 388 1888 docuerunt
404 1842 537 1901 docentque.
569 1842 645 1901 ltarpre
661 1844 757 1889 inimicis
777 1843 838 1888 sedis
854 1855 873 1888 s.

20 1924 79 1969 Petri
96 1924 209 1969 exsultare
234 1928 257 1968 et
274 1923 353 1968 laetari
369 1922 423 1968 licet
439 1928 461 1968 et
483 1936 496 1968 a
517 1923 631 1969 laboribus¹
653 1924 699 1971 suis
722 1924 875 1982 requiescere,

22 2016 71 2048 cum
86 2016 144 2063 (prae
159 2005 201 2062 ipsi
219 2003 356 2049 intenderint
371 2017 384 2049 a
400 2001 518 2061 Petronio,
535 2003 591 2048 elren
606 2003 706 2062 theolopo
723 2003 834 2062 huorono,
851 2004 875 2049 in

22 2085 71 2143 ipsa
86 2084 143 2129 urbe
161 2085 316 2152 perficiantur-t
374 2078 389 2104 Ὗ

25 2258 120 2309 theses
137 2258 298 2308 Calontenses
313 2289 343 2296 —
368 2258 499 2322 Responsa
514 2259 544 2307 de
568 2262 601 2307 tis
617 2258 670 2307 lota
691 2288 721 2295 —-
746 2259 876 2320 Archiept-

88 2355 181 2403 scopus
197 2340 352 2389 Coloniensts
366 2356 447 2403 popae
464 2356 493 2388 se
509 2345 598 2404 nequet
620 2367 652 2374 -
673 2340 740 2390 Idem
757 2355 785 2388 sc
802 2355 878 2401 snper

88 2435 178 2481 popam
194 2420 267 2478 effert
284 2447 314 2454 -
332 2420 447 2467 Schisma
464 2420 617 2467 Coloniense.

88 2551 154 2597 Globi
174 2551 270 2596 formam
291 2550 394 2596 nonnulli
408 2549 495 2610 pulchri
516 2550 671 2595 aestimatores
689 2550 765 2597 dicunt
781 2554 878 2604 omniurn

25 2632 148 2678 formarum
162 2632 332 2691 pulcherrimam
348 2645 409 2690 esse,
426 2645 462 2688 ac,
478 2633 501 2676 ni
519 2630 601 2689 latior,
620 2632 700 2678 Cicero
716 2646 805 2692 quoque
820 2633 879 2678 hanc

26 2713 160 2759 senteutiam
179 2712 292 2771 amplexus
311 2717 352 2758 est.
389 2711 444 2757 Nam
462 2722 593 2771 quacunque
610 2710 638 2757 de
654 2716 717 2771 parte
735 2711 878 2771 adspicienda,

26 2793 121 2839 eandem
137 2807 226 2853 semper
243 2806 385 2853 permanere.
416 2791 479 2838 ldem
496 2789 641 2838 dePerronio
654 2792 699 2839 dici
713 2776 793 2852 potest.
826 2794 878 2840 Sive
903 2828 905 2831 .

28 2876 89 2921 hunc
106 2876 205 2932 sinistra,
223 2875 271 2920 siue
288 2873 380 2932 dextra,
396 2873 455 2918 infra
472 2884 567 2930 suprare
584 2873 729 2933 adspexeris,
746 2875 795 2921 sive
812 2873 881 2918 theo-

31 2956 121 3015 logum,
138 2958 187 3001 sive
204 2954 373 3015 philosophum,
390 2956 438 3000 sire
455 2957 647 3011 concertatorem‚
664 2955 713 2999 sive
728 2966 803 2999 rerum
820 2953 880 2998 seri-

30 3039 119 3094 ptorem
133 3035 276 3092 respexeris,
293 3046 381 3092 semper
396 3033 455 3079 idem
473 3031 590 3077 Perronius
606 3035 732 3094 comparet!
764 3033 827 3079 lianc
845 3034 879 3078 sni

30 3114 131 3161 indolem
149 3113 223 3159 denuo
241 3113 278 3159 ille
294 3118 363 3159 totam
379 3099 548 3171 absolutamque
556 3114 637 3170 proruit
652 3110 879 3171 inaunotationibus,

30 3209 86 3256 quas
102 3192 205 3241 thesibus
228 3191 398 3239 Coloniensibus
421 3191 528 3239 adiunxit.
568 3191 613 3240 lam
631 3206 698 3253 supra
714 3192 833 3240 nonnullas
852 3206 881 3238 en
