<?xml version="1.0" encoding="UTF-8"?>
<!DOCTYPE html PUBLIC "-//W3C//DTD XHTML 1.0 Transitional//EN"
    "http://www.w3.org/TR/xhtml1/DTD/xhtml1-transitional.dtd">
<html xmlns="http://www.w3.org/1999/xhtml" xml:lang="en" lang="en">
 <head>
  <title>
</title>
<meta http-equiv="Content-Type" content="text/html;charset=utf-8" />
  <meta name='ocr-system' content='tesseract 3.04.00' />
  <meta name='ocr-capabilities' content='ocr_page ocr_carea ocr_par ocr_line ocrx_word'/>
</head>
<body>
  <div class='ocr_page' id='page_1' title='image "MN5163ucmf_1_0108.png"; bbox 0 0 1979 3399; ppageno 0'>
   <div class='ocr_carea' id='block_1_1' title="bbox 395 75 579 126">
    <p class='ocr_par' dir='ltr' id='par_1_1' title="bbox 395 75 579 126">
     <span class='ocr_line' id='line_1_1' title="bbox 395 75 579 126; baseline -0.038 -12"><span class='ocrx_word' id='word_1_1' title='bbox 395 75 579 126; x_wconf 71' lang='lat'>...72-</span> 
     </span>
    </p>
   </div>
   <div class='ocr_carea' id='block_1_2' title="bbox 28 209 961 3263">
    <p class='ocr_par' dir='ltr' id='par_1_2' title="bbox 31 209 961 2119">
     <span class='ocr_line' id='line_1_2' title="bbox 57 209 915 270; baseline -0.007 -11"><span class='ocrx_word' id='word_1_2' title='bbox 57 213 149 260; x_wconf 90' lang='lat' dir='ltr'>tandem</span> <span class='ocrx_word' id='word_1_3' title='bbox 163 216 185 262; x_wconf 90' lang='lat' dir='ltr'>in</span> <span class='ocrx_word' id='word_1_4' title='bbox 201 214 237 260; x_wconf 87' lang='lat' dir='ltr'>his</span> <span class='ocrx_word' id='word_1_5' title='bbox 254 214 337 270; x_wconf 85' lang='lat' dir='ltr'>verbis,</span> <span class='ocrx_word' id='word_1_6' title='bbox 354 213 377 257; x_wconf 91' lang='lat' dir='ltr'>in</span> <span class='ocrx_word' id='word_1_7' title='bbox 393 212 438 256; x_wconf 91' lang='lat' dir='ltr'>hoc</span> <span class='ocrx_word' id='word_1_8' title='bbox 455 212 557 257; x_wconf 74' lang='lat' dir='ltr'>Petronii</span> <span class='ocrx_word' id='word_1_9' title='bbox 574 209 735 267; x_wconf 85' lang='lat' dir='ltr'>Gallimatthla‚</span> <span class='ocrx_word' id='word_1_10' title='bbox 761 209 915 255; x_wconf 75' lang='lat' dir='ltr'>neccessitatem</span> 
     </span>
     <span class='ocr_line' id='line_1_3' title="bbox 59 274 916 353; baseline -0.008 -11"><span class='ocrx_word' id='word_1_11' title='bbox 59 297 197 343; x_wconf 82' lang='lat' dir='ltr'>essentiendi</span> <span class='ocrx_word' id='word_1_12' title='bbox 214 309 232 341; x_wconf 90' lang='lat' dir='ltr'>s.</span> <span class='ocrx_word' id='word_1_13' title='bbox 247 309 291 353; x_wconf 87' lang='lat' dir='ltr'>pro</span> <span class='ocrx_word' id='word_1_14' title='bbox 315 297 365 337; x_wconf 72' lang='lat' dir='ltr'>indo</span> <span class='ocrx_word' id='word_1_15' title='bbox 386 274 490 350; x_wconf 81' lang='lat' dir='ltr'>trahendi,</span> <span class='ocrx_word' id='word_1_16' title='bbox 509 305 566 352; x_wconf 87' lang='lat' dir='ltr'>quae</span> <span class='ocrx_word' id='word_1_17' title='bbox 584 291 673 351; x_wconf 90' lang='lat' dir='ltr'>quidem</span> <span class='ocrx_word' id='word_1_18' title='bbox 689 292 747 337; x_wconf 90' lang='lat' dir='ltr'>actio</span> <span class='ocrx_word' id='word_1_19' title='bbox 766 293 789 336; x_wconf 90' lang='lat' dir='ltr'>in</span> <span class='ocrx_word' id='word_1_20' title='bbox 805 291 916 337; x_wconf 87' lang='lat' dir='ltr'>llcrmcsii</span> 
     </span>
     <span class='ocr_line' id='line_1_4' title="bbox 58 372 917 437; baseline -0.008 -14"><span class='ocrx_word' id='word_1_21' title='bbox 58 378 200 437; x_wconf 77' lang='lat' dir='ltr'>philosophia</span> <span class='ocrx_word' id='word_1_22' title='bbox 227 390 276 421; x_wconf 90' lang='lat' dir='ltr'>eum</span> <span class='ocrx_word' id='word_1_23' title='bbox 300 375 437 420; x_wconf 69' lang='lat' dir='ltr'>necessitate</span> <span class='ocrx_word' id='word_1_24' title='bbox 465 373 579 434; x_wconf 80' lang='lat' dir='ltr'>cogitandi</span> <span class='ocrx_word' id='word_1_25' title='bbox 602 374 760 429; x_wconf 87' lang='lat' dir='ltr'>consociatur,</span> <span class='ocrx_word' id='word_1_26' title='bbox 786 372 917 431; x_wconf 79' lang='lat' dir='ltr'>agnoscat?</span> 
     </span>
     <span class='ocr_line' id='line_1_5' title="bbox 59 455 961 518; baseline -0.007 -13"><span class='ocrx_word' id='word_1_27' title='bbox 59 460 103 515; x_wconf 81' lang='lat' dir='ltr'>Qui</span> <span class='ocrx_word' id='word_1_28' title='bbox 118 473 147 504; x_wconf 91' lang='lat' dir='ltr'>ex</span> <span class='ocrx_word' id='word_1_29' title='bbox 161 457 272 503; x_wconf 89' lang='lat' dir='ltr'>Hermesii</span> <span class='ocrx_word' id='word_1_30' title='bbox 288 470 357 517; x_wconf 89' lang='lat' dir='ltr'>opere</span> <span class='ocrx_word' id='word_1_31' title='bbox 376 458 480 518; x_wconf 78' lang='lat' dir='ltr'>originali</span> <span class='ocrx_word' id='word_1_32' title='bbox 500 457 627 504; x_wconf 85' lang='lat' dir='ltr'>&#39;theodisco</span> <span class='ocrx_word' id='word_1_33' title='bbox 644 457 667 501; x_wconf 91' lang='lat' dir='ltr'>in</span> <span class='ocrx_word' id='word_1_34' title='bbox 682 468 745 500; x_wconf 90' lang='lat' dir='ltr'>usum</span> <span class='ocrx_word' id='word_1_35' title='bbox 762 455 864 500; x_wconf 86' lang='lat' dir='ltr'>Pcrronil</span> <span class='ocrx_word' id='word_1_36' title='bbox 879 455 917 499; x_wconf 90' lang='lat' dir='ltr'>in-</span> <span class='ocrx_word' id='word_1_37' title='bbox 960 467 961 470; x_wconf 71' lang='grc'>’</span> 
     </span>
     <span class='ocr_line' id='line_1_6' title="bbox 59 536 918 600; baseline -0.005 -16"><span class='ocrx_word' id='word_1_38' title='bbox 59 539 230 598; x_wconf 75' lang='lat' dir='ltr'>terpretaliatur,</span> <span class='ocrx_word' id='word_1_39' title='bbox 247 551 293 583; x_wconf 94' lang='lat' dir='ltr'>non</span> <span class='ocrx_word' id='word_1_40' title='bbox 310 540 418 585; x_wconf 67' lang='lat' dir='ltr'>intellexit</span> <span class='ocrx_word' id='word_1_41' title='bbox 438 554 495 600; x_wconf 90' lang='lat' dir='ltr'>quae</span> <span class='ocrx_word' id='word_1_42' title='bbox 511 541 661 595; x_wconf 76' lang='lat' dir='ltr'>conuerteret,</span> <span class='ocrx_word' id='word_1_43' title='bbox 678 536 798 581; x_wconf 89' lang='lat' dir='ltr'>Perronius</span> <span class='ocrx_word' id='word_1_44' title='bbox 816 548 862 581; x_wconf 92' lang='lat' dir='ltr'>non</span> <span class='ocrx_word' id='word_1_45' title='bbox 879 536 918 580; x_wconf 87' lang='lat' dir='ltr'>in-</span> 
     </span>
     <span class='ocr_line' id='line_1_7' title="bbox 58 618 917 682; baseline -0.006 -17"><span class='ocrx_word' id='word_1_46' title='bbox 58 619 144 665; x_wconf 88' lang='lat' dir='ltr'>tellexit</span> <span class='ocrx_word' id='word_1_47' title='bbox 160 633 219 678; x_wconf 88' lang='lat' dir='ltr'>quae</span> <span class='ocrx_word' id='word_1_48' title='bbox 241 618 318 664; x_wconf 87' lang='lat' dir='ltr'>ltalice</span> <span class='ocrx_word' id='word_1_49' title='bbox 339 635 407 676; x_wconf 84' lang='lat' dir='ltr'>versa</span> <span class='ocrx_word' id='word_1_50' title='bbox 423 621 528 682; x_wconf 78' lang='lat' dir='ltr'>legebat,</span> <span class='ocrx_word' id='word_1_51' title='bbox 552 621 690 666; x_wconf 84' lang='lat' dir='ltr'>Tlreodiscus</span> <span class='ocrx_word' id='word_1_52' title='bbox 712 619 823 677; x_wconf 88' lang='lat' dir='ltr'>interpres</span> <span class='ocrx_word' id='word_1_53' title='bbox 839 629 917 662; x_wconf 90' lang='lat' dir='ltr'>rursus</span> 
     </span>
     <span class='ocr_line' id='line_1_8' title="bbox 58 700 917 761; baseline -0.005 -16"><span class='ocrx_word' id='word_1_54' title='bbox 58 714 106 746; x_wconf 90' lang='lat' dir='ltr'>non</span> <span class='ocrx_word' id='word_1_55' title='bbox 121 700 231 746; x_wconf 75' lang='lat' dir='ltr'>intellexit</span> <span class='ocrx_word' id='word_1_56' title='bbox 248 714 305 761; x_wconf 88' lang='lat' dir='ltr'>quae</span> <span class='ocrx_word' id='word_1_57' title='bbox 322 715 351 747; x_wconf 87' lang='lat' dir='ltr'>ex</span> <span class='ocrx_word' id='word_1_58' title='bbox 364 702 447 747; x_wconf 83' lang='lat' dir='ltr'>Italicis</span> <span class='ocrx_word' id='word_1_59' title='bbox 469 704 492 746; x_wconf 90' lang='lat' dir='ltr'>in</span> <span class='ocrx_word' id='word_1_60' title='bbox 508 707 609 747; x_wconf 88' lang='lat' dir='ltr'>nostrum</span> <span class='ocrx_word' id='word_1_61' title='bbox 624 713 752 747; x_wconf 88' lang='lat' dir='ltr'>sermonem</span> <span class='ocrx_word' id='word_1_62' title='bbox 767 701 917 744; x_wconf 86' lang='lat' dir='ltr'>converteret.</span> 
     </span>
     <span class='ocr_line' id='line_1_9' title="bbox 60 777 917 841; baseline -0.011 -13"><span class='ocrx_word' id='word_1_63' title='bbox 60 782 203 828; x_wconf 76' lang='lat' dir='ltr'>Omiseram</span> <span class='ocrx_word' id='word_1_64' title='bbox 218 787 240 825; x_wconf 87' lang='lat' dir='ltr'>te</span> <span class='ocrx_word' id='word_1_65' title='bbox 258 782 388 827; x_wconf 82' lang='lat' dir='ltr'>veritatem!</span> <span class='ocrx_word' id='word_1_66' title='bbox 414 780 432 826; x_wconf 87' lang='grc' dir='ltr'>Ο</span> <span class='ocrx_word' id='word_1_67' title='bbox 457 783 573 841; x_wconf 75' lang='lat' dir='ltr'>egregium</span> <span class='ocrx_word' id='word_1_68' title='bbox 597 780 752 840; x_wconf 89' lang='lat' dir='ltr'>philosophum</span> <span class='ocrx_word' id='word_1_69' title='bbox 770 777 917 824; x_wconf 86' lang='lat' dir='ltr'>Perroniuml</span> 
     </span>
     <span class='ocr_line' id='line_1_10' title="bbox 60 858 918 926; baseline -0.008 -18"><span class='ocrx_word' id='word_1_70' title='bbox 60 876 76 909; x_wconf 94' lang='lat' dir='ltr'>o</span> <span class='ocrx_word' id='word_1_71' title='bbox 102 863 237 922; x_wconf 87' lang='lat' dir='ltr'>interpretes</span> <span class='ocrx_word' id='word_1_72' title='bbox 268 862 443 922; x_wconf 77' lang='lat' dir='ltr'>sagacissimos!</span> <span class='ocrx_word' id='word_1_73' title='bbox 484 862 613 921; x_wconf 82' lang='lat' dir='ltr'>Quanquam</span> <span class='ocrx_word' id='word_1_74' title='bbox 635 861 789 926; x_wconf 79' lang='lat' dir='ltr'>philosophia</span> <span class='ocrx_word' id='word_1_75' title='bbox 807 858 918 904; x_wconf 86' lang='lat' dir='ltr'>llermesii</span> 
     </span>
     <span class='ocr_line' id='line_1_11' title="bbox 60 938 918 1003; baseline -0.008 -15"><span class='ocrx_word' id='word_1_76' title='bbox 60 944 170 989; x_wconf 80' lang='lat' dir='ltr'>radicitus</span> <span class='ocrx_word' id='word_1_77' title='bbox 187 938 213 988; x_wconf 50' lang='lat' dir='ltr'>&#39;et</span> <span class='ocrx_word' id='word_1_78' title='bbox 231 944 253 986; x_wconf 91' lang='lat' dir='ltr'>in</span> <span class='ocrx_word' id='word_1_79' title='bbox 274 944 328 1003; x_wconf 88' lang='lat' dir='ltr'>ipsis</span> <span class='ocrx_word' id='word_1_80' title='bbox 353 943 502 988; x_wconf 83' lang='lat' dir='ltr'>fundamentis</span> <span class='ocrx_word' id='word_1_81' title='bbox 519 957 531 987; x_wconf 89' lang='lat' dir='ltr'>a</span> <span class='ocrx_word' id='word_1_82' title='bbox 546 944 656 988; x_wconf 82' lang='lat' dir='ltr'>llantiana</span> <span class='ocrx_word' id='word_1_83' title='bbox 680 947 702 987; x_wconf 87' lang='lat' dir='ltr'>et</span> <span class='ocrx_word' id='word_1_84' title='bbox 721 940 835 987; x_wconf 84' lang='lat' dir='ltr'>Fichtiana</span> <span class='ocrx_word' id='word_1_85' title='bbox 852 952 918 997; x_wconf 88' lang='lat' dir='ltr'>quam</span> 
     </span>
     <span class='ocr_line' id='line_1_12' title="bbox 62 1024 918 1085; baseline -0.012 -13"><span class='ocrx_word' id='word_1_86' title='bbox 62 1027 160 1072; x_wconf 89' lang='lat' dir='ltr'>maxime</span> <span class='ocrx_word' id='word_1_87' title='bbox 177 1026 262 1083; x_wconf 73' lang='lat' dir='ltr'>stillent,</span> <span class='ocrx_word' id='word_1_88' title='bbox 280 1039 405 1085; x_wconf 89' lang='lat' dir='ltr'>quanquam</span> <span class='ocrx_word' id='word_1_89' title='bbox 421 1024 550 1069; x_wconf 87' lang='lat' dir='ltr'>Hermesius</span> <span class='ocrx_word' id='word_1_90' title='bbox 568 1029 684 1083; x_wconf 88' lang='lat' dir='ltr'>utramque</span> <span class='ocrx_word' id='word_1_91' title='bbox 701 1035 813 1080; x_wconf 91' lang='lat' dir='ltr'>nunquam</span> <span class='ocrx_word' id='word_1_92' title='bbox 830 1031 918 1064; x_wconf 73' lang='lat' dir='ltr'>niento-</span> 
     </span>
     <span class='ocr_line' id='line_1_13' title="bbox 61 1105 919 1166; baseline -0.009 -14"><span class='ocrx_word' id='word_1_93' title='bbox 61 1113 104 1165; x_wconf 92' lang='lat' dir='ltr'>rat,</span> <span class='ocrx_word' id='word_1_94' title='bbox 121 1108 166 1153; x_wconf 89' lang='lat' dir='ltr'>nisi</span> <span class='ocrx_word' id='word_1_95' title='bbox 182 1112 205 1152; x_wconf 89' lang='lat' dir='ltr'>ut</span> <span class='ocrx_word' id='word_1_96' title='bbox 222 1108 335 1166; x_wconf 75' lang='lat' dir='ltr'>impugnet</span> <span class='ocrx_word' id='word_1_97' title='bbox 352 1112 374 1151; x_wconf 85' lang='lat' dir='ltr'>et</span> <span class='ocrx_word' id='word_1_98' title='bbox 391 1107 497 1151; x_wconf 89' lang='lat' dir='ltr'>sustineri</span> <span class='ocrx_word' id='word_1_99' title='bbox 510 1119 555 1151; x_wconf 94' lang='lat' dir='ltr'>non</span> <span class='ocrx_word' id='word_1_100' title='bbox 574 1118 642 1165; x_wconf 89' lang='lat' dir='ltr'>posse</span> <span class='ocrx_word' id='word_1_101' title='bbox 666 1105 818 1161; x_wconf 77' lang='lat' dir='ltr'>demonstret,</span> <span class='ocrx_word' id='word_1_102' title='bbox 844 1113 919 1160; x_wconf 86' lang='lat' dir='ltr'>quan-</span> 
     </span>
     <span class='ocr_line' id='line_1_14' title="bbox 64 1185 919 1249; baseline -0.012 -14"><span class='ocrx_word' id='word_1_103' title='bbox 64 1202 131 1249; x_wconf 87' lang='lat' dir='ltr'>quam</span> <span class='ocrx_word' id='word_1_104' title='bbox 148 1188 277 1233; x_wconf 86' lang='lat' dir='ltr'>Hermesius</span> <span class='ocrx_word' id='word_1_105' title='bbox 294 1189 317 1232; x_wconf 90' lang='lat' dir='ltr'>in</span> <span class='ocrx_word' id='word_1_106' title='bbox 335 1201 356 1245; x_wconf 87' lang='lat' dir='ltr'>p.</span> <span class='ocrx_word' id='word_1_107' title='bbox 374 1187 411 1233; x_wconf 87' lang='lat' dir='ltr'>IX.</span> <span class='ocrx_word' id='word_1_108' title='bbox 427 1188 574 1246; x_wconf 82' lang='lat' dir='ltr'>praelationis</span> <span class='ocrx_word' id='word_1_109' title='bbox 591 1186 689 1232; x_wconf 87' lang='lat' dir='ltr'>disertiin</span> <span class='ocrx_word' id='word_1_110' title='bbox 707 1185 825 1239; x_wconf 87' lang='lat' dir='ltr'>admonet,</span> <span class='ocrx_word' id='word_1_111' title='bbox 842 1186 919 1241; x_wconf 73' lang='lat' dir='ltr'>syste-</span> 
     </span>
     <span class='ocr_line' id='line_1_15' title="bbox 63 1263 919 1326; baseline -0.009 -13"><span class='ocrx_word' id='word_1_112' title='bbox 63 1274 123 1314; x_wconf 86' lang='lat' dir='ltr'>mata</span> <span class='ocrx_word' id='word_1_113' title='bbox 142 1269 216 1313; x_wconf 87' lang='lat' dir='ltr'>llantii</span> <span class='ocrx_word' id='word_1_114' title='bbox 233 1272 255 1312; x_wconf 90' lang='lat' dir='ltr'>el</span> <span class='ocrx_word' id='word_1_115' title='bbox 270 1268 350 1313; x_wconf 86' lang='lat' dir='ltr'>Ficlrlii</span> <span class='ocrx_word' id='word_1_116' title='bbox 367 1281 379 1312; x_wconf 88' lang='lat' dir='ltr'>a</span> <span class='ocrx_word' id='word_1_117' title='bbox 394 1280 420 1312; x_wconf 86' lang='lat' dir='ltr'>sc</span> <span class='ocrx_word' id='word_1_118' title='bbox 437 1268 469 1312; x_wconf 88' lang='lat' dir='ltr'>ihi</span> <span class='ocrx_word' id='word_1_119' title='bbox 489 1272 573 1312; x_wconf 87' lang='lat' dir='ltr'>tantum</span> <span class='ocrx_word' id='word_1_120' title='bbox 589 1266 679 1326; x_wconf 78' lang='lat' dir='ltr'>respici,</span> <span class='ocrx_word' id='word_1_121' title='bbox 694 1264 732 1309; x_wconf 83' lang='lat' dir='ltr'>ubi</span> <span class='ocrx_word' id='word_1_122' title='bbox 748 1263 828 1308; x_wconf 90' lang='lat' dir='ltr'>eadem</span> <span class='ocrx_word' id='word_1_123' title='bbox 845 1263 919 1319; x_wconf 87' lang='lat' dir='ltr'>impu-</span> 
     </span>
     <span class='ocr_line' id='line_1_16' title="bbox 64 1343 919 1409; baseline -0.009 -15"><span class='ocrx_word' id='word_1_124' title='bbox 64 1362 138 1409; x_wconf 75' lang='lat' dir='ltr'>gnare</span> <span class='ocrx_word' id='word_1_125' title='bbox 155 1349 273 1405; x_wconf 73' lang='lat' dir='ltr'>debuerit,</span> <span class='ocrx_word' id='word_1_126' title='bbox 296 1352 321 1393; x_wconf 92' lang='lat' dir='ltr'>ut</span> <span class='ocrx_word' id='word_1_127' title='bbox 343 1352 388 1392; x_wconf 88' lang='lat' dir='ltr'>tum</span> <span class='ocrx_word' id='word_1_128' title='bbox 410 1360 473 1393; x_wconf 83' lang='lat' dir='ltr'>snirm</span> <span class='ocrx_word' id='word_1_129' title='bbox 492 1349 562 1406; x_wconf 90' lang='lat' dir='ltr'>ipsius</span> <span class='ocrx_word' id='word_1_130' title='bbox 578 1352 677 1407; x_wconf 83' lang='lat' dir='ltr'>systema</span> <span class='ocrx_word' id='word_1_131' title='bbox 692 1351 737 1390; x_wconf 90' lang='lat' dir='ltr'>tum</span> <span class='ocrx_word' id='word_1_132' title='bbox 752 1343 919 1390; x_wconf 81' lang='lat' dir='ltr'>fundamentum</span> 
     </span>
     <span class='ocr_line' id='line_1_17' title="bbox 31 1426 919 1488; baseline -0.008 -14"><span class='ocrx_word' id='word_1_133' title='bbox 31 1447 33 1449; x_wconf 61' lang='grc'>’</span> <span class='ocrx_word' id='word_1_134' title='bbox 62 1428 192 1488; x_wconf 79' lang='lat' dir='ltr'>theologiae</span> <span class='ocrx_word' id='word_1_135' title='bbox 208 1429 232 1473; x_wconf 91' lang='lat' dir='ltr'>in</span> <span class='ocrx_word' id='word_1_136' title='bbox 249 1441 277 1473; x_wconf 93' lang='lat' dir='ltr'>co</span> <span class='ocrx_word' id='word_1_137' title='bbox 294 1429 376 1472; x_wconf 89' lang='lat' dir='ltr'>iactum</span> <span class='ocrx_word' id='word_1_138' title='bbox 388 1428 504 1473; x_wconf 88' lang='lat' dir='ltr'>vindicare</span> <span class='ocrx_word' id='word_1_139' title='bbox 517 1434 595 1487; x_wconf 86' lang='lat' dir='ltr'>posset</span> <span class='ocrx_word' id='word_1_140' title='bbox 600 1444 607 1485; x_wconf 75' lang='lat'><em>3</em></span> <span class='ocrx_word' id='word_1_141' title='bbox 624 1441 749 1487; x_wconf 83' lang='lat' dir='ltr'>quanquam</span> <span class='ocrx_word' id='word_1_142' title='bbox 764 1426 846 1483; x_wconf 86' lang='lat' dir='ltr'>ubique</span> <span class='ocrx_word' id='word_1_143' title='bbox 862 1436 919 1483; x_wconf 86' lang='lat' dir='ltr'>pro-</span> 
     </span>
     <span class='ocr_line' id='line_1_18' title="bbox 63 1507 920 1569; baseline -0.008 -13"><span class='ocrx_word' id='word_1_144' title='bbox 63 1511 152 1566; x_wconf 86' lang='lat' dir='ltr'>fitetur,</span> <span class='ocrx_word' id='word_1_145' title='bbox 174 1509 198 1554; x_wconf 89' lang='lat' dir='ltr'>id</span> <span class='ocrx_word' id='word_1_146' title='bbox 216 1509 262 1554; x_wconf 88' lang='lat' dir='ltr'>suis</span> <span class='ocrx_word' id='word_1_147' title='bbox 285 1509 466 1569; x_wconf 88' lang='lat' dir='ltr'>inquisitionibus</span> <span class='ocrx_word' id='word_1_148' title='bbox 485 1515 630 1556; x_wconf 86' lang='lat' dir='ltr'>consecutum</span> <span class='ocrx_word' id='word_1_149' title='bbox 645 1521 711 1564; x_wconf 87' lang='lat' dir='ltr'>esse,</span> <span class='ocrx_word' id='word_1_150' title='bbox 732 1512 756 1552; x_wconf 91' lang='lat' dir='ltr'>ut</span> <span class='ocrx_word' id='word_1_151' title='bbox 777 1507 881 1551; x_wconf 82' lang='lat' dir='ltr'>Kantium</span> <span class='ocrx_word' id='word_1_152' title='bbox 897 1509 920 1550; x_wconf 85' lang='lat' dir='ltr'>et</span> 
     </span>
     <span class='ocr_line' id='line_1_19' title="bbox 62 1587 919 1650; baseline -0.007 -14"><span class='ocrx_word' id='word_1_153' title='bbox 62 1591 172 1636; x_wconf 83' lang='lat' dir='ltr'>Ficlrlium</span> <span class='ocrx_word' id='word_1_154' title='bbox 189 1588 305 1645; x_wconf 77' lang='lat' dir='ltr'>refutaret,</span> <span class='ocrx_word' id='word_1_155' title='bbox 320 1589 463 1635; x_wconf 88' lang='lat' dir='ltr'>nihilomiuus</span> <span class='ocrx_word' id='word_1_156' title='bbox 479 1591 600 1636; x_wconf 88' lang='lat' dir='ltr'>Perronius</span> <span class='ocrx_word' id='word_1_157' title='bbox 617 1603 708 1650; x_wconf 89' lang='lat' dir='ltr'>operam</span> <span class='ocrx_word' id='word_1_158' title='bbox 721 1588 765 1645; x_wconf 85' lang='lat' dir='ltr'>dat,</span> <span class='ocrx_word' id='word_1_159' title='bbox 780 1587 919 1633; x_wconf 86' lang='lat' dir='ltr'>llerrnesium</span> 
     </span>
     <span class='ocr_line' id='line_1_20' title="bbox 62 1667 920 1726; baseline -0.005 -12"><span class='ocrx_word' id='word_1_160' title='bbox 62 1669 87 1714; x_wconf 87' lang='lat' dir='ltr'>in</span> <span class='ocrx_word' id='word_1_161' title='bbox 103 1668 254 1726; x_wconf 83' lang='lat' dir='ltr'>suspicionem</span> <span class='ocrx_word' id='word_1_162' title='bbox 271 1667 398 1724; x_wconf 80' lang='lat' dir='ltr'>adducere,</span> <span class='ocrx_word' id='word_1_163' title='bbox 415 1669 478 1726; x_wconf 90' lang='lat' dir='ltr'>quasi</span> <span class='ocrx_word' id='word_1_164' title='bbox 493 1671 513 1714; x_wconf 90' lang='lat' dir='ltr'>is</span> <span class='ocrx_word' id='word_1_165' title='bbox 529 1669 646 1715; x_wconf 84' lang='lat' dir='ltr'>iuvenibus</span> <span class='ocrx_word' id='word_1_166' title='bbox 662 1670 744 1726; x_wconf 81' lang='lat' dir='ltr'>unique</span> <span class='ocrx_word' id='word_1_167' title='bbox 761 1668 789 1712; x_wconf 92' lang='lat' dir='ltr'>ad</span> <span class='ocrx_word' id='word_1_168' title='bbox 805 1667 863 1711; x_wconf 90' lang='lat' dir='ltr'>haec</span> <span class='ocrx_word' id='word_1_169' title='bbox 879 1679 920 1724; x_wconf 76' lang='lat' dir='ltr'>sp-</span> 
     </span>
     <span class='ocr_line' id='line_1_21' title="bbox 64 1747 920 1807; baseline -0.004 -13"><span class='ocrx_word' id='word_1_170' title='bbox 64 1754 159 1794; x_wconf 88' lang='lat' dir='ltr'>stcmata</span> <span class='ocrx_word' id='word_1_171' title='bbox 175 1748 286 1807; x_wconf 79' lang='lat' dir='ltr'>pergendi</span> <span class='ocrx_word' id='word_1_172' title='bbox 312 1753 390 1793; x_wconf 86' lang='lat' dir='ltr'>auctor</span> <span class='ocrx_word' id='word_1_173' title='bbox 407 1753 428 1792; x_wconf 89' lang='lat' dir='ltr'>et</span> <span class='ocrx_word' id='word_1_174' title='bbox 445 1749 490 1794; x_wconf 91' lang='lat' dir='ltr'>dux</span> <span class='ocrx_word' id='word_1_175' title='bbox 506 1747 580 1794; x_wconf 86' lang='lat' dir='ltr'>luerit.</span> <span class='ocrx_word' id='word_1_176' title='bbox 604 1778 635 1785; x_wconf 76' lang='grc'><strong>-</strong></span> <span class='ocrx_word' id='word_1_177' title='bbox 658 1747 733 1794; x_wconf 86' lang='lat' dir='ltr'>Facile</span> <span class='ocrx_word' id='word_1_178' title='bbox 749 1747 861 1792; x_wconf 89' lang='lat' dir='ltr'>intellectu</span> <span class='ocrx_word' id='word_1_179' title='bbox 878 1751 920 1804; x_wconf 85' lang='lat' dir='ltr'>est,</span> 
     </span>
     <span class='ocr_line' id='line_1_22' title="bbox 64 1827 921 1889; baseline -0.006 -15"><span class='ocrx_word' id='word_1_180' title='bbox 64 1829 137 1889; x_wconf 88' lang='lat' dir='ltr'>qualis</span> <span class='ocrx_word' id='word_1_181' title='bbox 152 1829 281 1873; x_wconf 87' lang='lat' dir='ltr'>Hermesius</span> <span class='ocrx_word' id='word_1_182' title='bbox 298 1829 399 1874; x_wconf 89' lang='lat' dir='ltr'>Pcrronii</span> <span class='ocrx_word' id='word_1_183' title='bbox 415 1830 537 1876; x_wconf 85' lang='lat' dir='ltr'>lectoribus</span> <span class='ocrx_word' id='word_1_184' title='bbox 549 1831 658 1888; x_wconf 83' lang='lat' dir='ltr'>rideatur,</span> <span class='ocrx_word' id='word_1_185' title='bbox 675 1829 755 1887; x_wconf 89' lang='lat' dir='ltr'>qnippe</span> <span class='ocrx_word' id='word_1_186' title='bbox 771 1827 921 1884; x_wconf 82' lang='lat' dir='ltr'>audientibus,</span> 
     </span>
     <span class='ocr_line' id='line_1_23' title="bbox 64 1909 921 1970; baseline -0.007 -14"><span class='ocrx_word' id='word_1_187' title='bbox 64 1913 137 1970; x_wconf 90' lang='lat' dir='ltr'>ipsum</span> <span class='ocrx_word' id='word_1_188' title='bbox 157 1923 249 1968; x_wconf 88' lang='lat' dir='ltr'>operam</span> <span class='ocrx_word' id='word_1_189' title='bbox 269 1909 373 1966; x_wconf 82' lang='lat' dir='ltr'>dedisse,</span> <span class='ocrx_word' id='word_1_190' title='bbox 396 1915 419 1953; x_wconf 88' lang='lat' dir='ltr'>nt</span> <span class='ocrx_word' id='word_1_191' title='bbox 441 1913 534 1956; x_wconf 87' lang='lat' dir='ltr'>iuvenes</span> <span class='ocrx_word' id='word_1_192' title='bbox 561 1911 589 1955; x_wconf 91' lang='lat' dir='ltr'>ad</span> <span class='ocrx_word' id='word_1_193' title='bbox 612 1914 733 1970; x_wconf 81' lang='lat' dir='ltr'>systemata</span> <span class='ocrx_word' id='word_1_194' title='bbox 748 1909 827 1953; x_wconf 89' lang='lat' dir='ltr'>horum</span> <span class='ocrx_word' id='word_1_195' title='bbox 842 1912 921 1966; x_wconf 87' lang='lat' dir='ltr'>prole-</span> 
     </span>
     <span class='ocr_line' id='line_1_24' title="bbox 66 1989 920 2049; baseline -0.007 -12"><span class='ocrx_word' id='word_1_196' title='bbox 66 1992 183 2049; x_wconf 85' lang='lat' dir='ltr'>stantium,</span> <span class='ocrx_word' id='word_1_197' title='bbox 209 1991 287 2035; x_wconf 90' lang='lat' dir='ltr'>horum</span> <span class='ocrx_word' id='word_1_198' title='bbox 304 1990 471 2036; x_wconf 87' lang='lat' dir='ltr'>haereticorum</span> <span class='ocrx_word' id='word_1_199' title='bbox 488 1991 622 2037; x_wconf 86' lang='lat' dir='ltr'>adduceret!</span> <span class='ocrx_word' id='word_1_200' title='bbox 650 1990 695 2038; x_wconf 82' lang='lat' dir='ltr'>Sctl</span> <span class='ocrx_word' id='word_1_201' title='bbox 717 1991 832 2035; x_wconf 88' lang='lat' dir='ltr'>audiamus</span> <span class='ocrx_word' id='word_1_202' title='bbox 849 1989 920 2047; x_wconf 86' lang='lat' dir='ltr'>ipsum</span> 
     </span>
     <span class='ocr_line' id='line_1_25' title="bbox 66 2073 214 2119; baseline -0.007 0"><span class='ocrx_word' id='word_1_203' title='bbox 66 2073 214 2119; x_wconf 88' lang='lat' dir='ltr'>Hermesinm.</span> 
     </span>
    </p>

    <p class='ocr_par' dir='ltr' id='par_1_3' title="bbox 28 2151 954 3263">
     <span class='ocr_line' id='line_1_26' title="bbox 121 2151 921 2214; baseline -0.001 -17"><span class='ocrx_word' id='word_1_204' title='bbox 121 2152 236 2211; x_wconf 54' lang='grc' dir='ltr'>ᾖ111111111</span> <span class='ocrx_word' id='word_1_205' title='bbox 251 2153 328 2212; x_wconf 80' lang='lat' dir='ltr'>inqut,</span> <span class='ocrx_word' id='word_1_206' title='bbox 346 2167 469 2214; x_wconf 77' lang='lat' dir='ltr'>,utinquam</span> <span class='ocrx_word' id='word_1_207' title='bbox 477 2155 582 2214; x_wconf 88' lang='lat' dir='ltr'>primaria</span> <span class='ocrx_word' id='word_1_208' title='bbox 590 2153 669 2199; x_wconf 85' lang='lat' dir='ltr'>Fichtii</span> <span class='ocrx_word' id='word_1_209' title='bbox 681 2166 757 2212; x_wconf 87' lang='lat' dir='ltr'>opera,</span> <span class='ocrx_word' id='word_1_210' title='bbox 774 2152 815 2197; x_wconf 88' lang='lat' dir='ltr'>scd</span> <span class='ocrx_word' id='word_1_211' title='bbox 830 2151 921 2196; x_wconf 89' lang='lat' dir='ltr'>nonnisi</span> 
     </span>
     <span class='ocr_line' id='line_1_27' title="bbox 65 2231 920 2295; baseline -0.002 -16"><span class='ocrx_word' id='word_1_212' title='bbox 65 2248 101 2290; x_wconf 87' lang='lat' dir='ltr'>ca,</span> <span class='ocrx_word' id='word_1_213' title='bbox 112 2247 169 2291; x_wconf 89' lang='lat' dir='ltr'>quae</span> <span class='ocrx_word' id='word_1_214' title='bbox 180 2235 295 2279; x_wconf 83' lang='lat' dir='ltr'>exoterica</span> <span class='ocrx_word' id='word_1_215' title='bbox 307 2235 447 2294; x_wconf 87' lang='lat' dir='ltr'>conscripsit,</span> <span class='ocrx_word' id='word_1_216' title='bbox 460 2249 517 2281; x_wconf 89' lang='lat' dir='ltr'>ame</span> <span class='ocrx_word' id='word_1_217' title='bbox 530 2236 620 2295; x_wconf 88' lang='lat' dir='ltr'>respici.</span> <span class='ocrx_word' id='word_1_218' title='bbox 648 2233 713 2289; x_wconf 81' lang='lat' dir='ltr'>Quod</span> <span class='ocrx_word' id='word_1_219' title='bbox 729 2239 752 2279; x_wconf 87' lang='lat' dir='ltr'>ut</span> <span class='ocrx_word' id='word_1_220' title='bbox 769 2232 857 2286; x_wconf 80' lang='lat' dir='ltr'>laetam,</span> <span class='ocrx_word' id='word_1_221' title='bbox 875 2231 920 2277; x_wconf 94' lang='lat' dir='ltr'>hoc</span> 
     </span>
     <span class='ocr_line' id='line_1_28' title="bbox 68 2312 920 2377; baseline -0.005 -18"><span class='ocrx_word' id='word_1_222' title='bbox 68 2328 151 2359; x_wconf 90' lang='lat' dir='ltr'>causae</span> <span class='ocrx_word' id='word_1_223' title='bbox 168 2319 209 2371; x_wconf 83' lang='lat' dir='ltr'>est,</span> <span class='ocrx_word' id='word_1_224' title='bbox 227 2314 286 2372; x_wconf 91' lang='lat' dir='ltr'>quod</span> <span class='ocrx_word' id='word_1_225' title='bbox 300 2314 398 2377; x_wconf 84' lang='lat' dir='ltr'>Flclrtius</span> <span class='ocrx_word' id='word_1_226' title='bbox 417 2342 444 2349; x_wconf 73' lang='lat'><em>-</em></span> <span class='ocrx_word' id='word_1_227' title='bbox 468 2318 548 2362; x_wconf 85' lang='lat' dir='ltr'>inritus</span> <span class='ocrx_word' id='word_1_228' title='bbox 566 2317 617 2361; x_wconf 89' lang='lat' dir='ltr'>dico</span> <span class='ocrx_word' id='word_1_229' title='bbox 632 2344 661 2350; x_wconf 93' lang='lat'>-</span> <span class='ocrx_word' id='word_1_230' title='bbox 676 2328 717 2372; x_wconf 92' lang='lat' dir='ltr'>per</span> <span class='ocrx_word' id='word_1_231' title='bbox 733 2312 844 2370; x_wconf 87' lang='lat' dir='ltr'>quoddam</span> <span class='ocrx_word' id='word_1_232' title='bbox 861 2317 920 2356; x_wconf 84' lang='lat' dir='ltr'>tem.</span> 
     </span>
     <span class='ocr_line' id='line_1_29' title="bbox 66 2379 954 2453; baseline 0.002 -15"><span class='ocrx_word' id='word_1_233' title='bbox 66 2405 108 2453; x_wconf 87' lang='lat' dir='ltr'>pus</span> <span class='ocrx_word' id='word_1_234' title='bbox 123 2393 146 2436; x_wconf 86' lang='lat' dir='ltr'>in</span> <span class='ocrx_word' id='word_1_235' title='bbox 163 2392 187 2436; x_wconf 90' lang='lat' dir='ltr'>id</span> <span class='ocrx_word' id='word_1_236' title='bbox 202 2393 279 2437; x_wconf 80' lang='lat' dir='ltr'>uitium</span> <span class='ocrx_word' id='word_1_237' title='bbox 295 2392 370 2450; x_wconf 85' lang='lat' dir='ltr'>lapsus</span> <span class='ocrx_word' id='word_1_238' title='bbox 387 2399 429 2450; x_wconf 86' lang='lat' dir='ltr'>est,</span> <span class='ocrx_word' id='word_1_239' title='bbox 444 2398 469 2438; x_wconf 91' lang='lat' dir='ltr'>ut</span> <span class='ocrx_word' id='word_1_240' title='bbox 485 2395 594 2439; x_wconf 78' lang='lat' dir='ltr'>adversus</span> <span class='ocrx_word' id='word_1_241' title='bbox 611 2407 772 2453; x_wconf 82' lang='lat' dir='ltr'>quemcunque,</span> <span class='ocrx_word' id='word_1_242' title='bbox 787 2394 824 2451; x_wconf 90' lang='lat' dir='ltr'>qui</span> <span class='ocrx_word' id='word_1_243' title='bbox 841 2397 920 2440; x_wconf 84' lang='lat' dir='ltr'>contra</span> <span class='ocrx_word' id='word_1_244' title='bbox 951 2379 954 2384; x_wconf 41' lang='grc'><strong>’</strong></span> 
     </span>
     <span class='ocr_line' id='line_1_30' title="bbox 68 2472 920 2534; baseline 0.001 -16"><span class='ocrx_word' id='word_1_245' title='bbox 68 2487 120 2519; x_wconf 89' lang='lat' dir='ltr'>cum</span> <span class='ocrx_word' id='word_1_246' title='bbox 137 2472 269 2530; x_wconf 85' lang='lat' dir='ltr'>disputabat,</span> <span class='ocrx_word' id='word_1_247' title='bbox 288 2472 422 2529; x_wconf 82' lang='lat' dir='ltr'>affirmaret,</span> <span class='ocrx_word' id='word_1_248' title='bbox 437 2474 497 2518; x_wconf 91' lang='lat' dir='ltr'>hunc</span> <span class='ocrx_word' id='word_1_249' title='bbox 513 2488 559 2519; x_wconf 90' lang='lat' dir='ltr'>non</span> <span class='ocrx_word' id='word_1_250' title='bbox 575 2474 679 2520; x_wconf 84' lang='lat' dir='ltr'>sulficere</span> <span class='ocrx_word' id='word_1_251' title='bbox 696 2476 800 2534; x_wconf 80' lang='lat' dir='ltr'>operibus</span> <span class='ocrx_word' id='word_1_252' title='bbox 819 2474 866 2519; x_wconf 89' lang='lat' dir='ltr'>eius</span> <span class='ocrx_word' id='word_1_253' title='bbox 882 2475 920 2529; x_wconf 81' lang='lat' dir='ltr'>in-</span> 
     </span>
     <span class='ocr_line' id='line_1_31' title="bbox 67 2554 919 2615; baseline 0.001 -15"><span class='ocrx_word' id='word_1_254' title='bbox 67 2554 210 2614; x_wconf 77' lang='lat' dir='ltr'>tclligendis,</span> <span class='ocrx_word' id='word_1_255' title='bbox 236 2555 500 2613; x_wconf 59' lang='lat' dir='ltr'>omninoque&lt;imparem</span> <span class='ocrx_word' id='word_1_256' title='bbox 528 2569 579 2601; x_wconf 89' lang='lat' dir='ltr'>esse</span> <span class='ocrx_word' id='word_1_257' title='bbox 602 2556 757 2615; x_wconf 90' lang='lat' dir='ltr'>philosophiae</span> <span class='ocrx_word' id='word_1_258' title='bbox 781 2555 919 2601; x_wconf 86' lang='lat' dir='ltr'>tractandae.</span> 
     </span>
     <span class='ocr_line' id='line_1_32' title="bbox 28 2623 920 2699; baseline -0.002 -16"><span class='ocrx_word' id='word_1_259' title='bbox 28 2623 37 2629; x_wconf 48' lang='lat'><strong><em>⁴</em></strong></span> <span class='ocrx_word' id='word_1_260' title='bbox 66 2637 94 2683; x_wconf 88' lang='lat' dir='ltr'>Ut</span> <span class='ocrx_word' id='word_1_261' title='bbox 111 2635 215 2680; x_wconf 89' lang='lat' dir='ltr'>homines</span> <span class='ocrx_word' id='word_1_262' title='bbox 235 2634 264 2679; x_wconf 92' lang='lat' dir='ltr'>ad</span> <span class='ocrx_word' id='word_1_263' title='bbox 285 2633 422 2680; x_wconf 89' lang='lat' dir='ltr'>intellectum</span> <span class='ocrx_word' id='word_1_264' title='bbox 443 2635 596 2697; x_wconf 86' lang='lat' dir='ltr'>philosophiae</span> <span class='ocrx_word' id='word_1_265' title='bbox 620 2651 674 2683; x_wconf 80' lang='lat' dir='ltr'>strae</span> <span class='ocrx_word' id='word_1_266' title='bbox 693 2643 786 2699; x_wconf 79' lang='lat' dir='ltr'>cogeret</span> <span class='ocrx_word' id='word_1_267' title='bbox 810 2637 847 2683; x_wconf 86' lang='lat' dir='ltr'>vel</span> <span class='ocrx_word' id='word_1_268' title='bbox 870 2650 920 2681; x_wconf 85' lang='lat' dir='ltr'>earn</span> 
     </span>
     <span class='ocr_line' id='line_1_33' title="bbox 67 2715 921 2777; baseline -0.001 -15"><span class='ocrx_word' id='word_1_269' title='bbox 67 2729 144 2762; x_wconf 88' lang='lat' dir='ltr'>coram</span> <span class='ocrx_word' id='word_1_270' title='bbox 162 2715 265 2761; x_wconf 86' lang='lat' dir='ltr'>omnihus</span> <span class='ocrx_word' id='word_1_271' title='bbox 282 2719 389 2773; x_wconf 81' lang='lat' dir='ltr'>tueretur,</span> <span class='ocrx_word' id='word_1_272' title='bbox 406 2717 521 2765; x_wconf 88' lang='lat' dir='ltr'>exoterica</span> <span class='ocrx_word' id='word_1_273' title='bbox 542 2717 580 2762; x_wconf 89' lang='lat' dir='ltr'>illa</span> <span class='ocrx_word' id='word_1_274' title='bbox 604 2730 672 2777; x_wconf 89' lang='lat' dir='ltr'>opera</span> <span class='ocrx_word' id='word_1_275' title='bbox 687 2720 715 2764; x_wconf 89' lang='lat' dir='ltr'>iis</span> <span class='ocrx_word' id='word_1_276' title='bbox 730 2718 866 2774; x_wconf 84' lang='lat' dir='ltr'>destinavit,</span> <span class='ocrx_word' id='word_1_277' title='bbox 883 2717 921 2774; x_wconf 88' lang='lat' dir='ltr'>qui</span> 
     </span>
     <span class='ocr_line' id='line_1_34' title="bbox 65 2795 920 2857; baseline 0 -15"><span class='ocrx_word' id='word_1_278' title='bbox 65 2797 192 2856; x_wconf 85' lang='lat' dir='ltr'>philosophi</span> <span class='ocrx_word' id='word_1_279' title='bbox 208 2808 254 2841; x_wconf 89' lang='lat' dir='ltr'>non</span> <span class='ocrx_word' id='word_1_280' title='bbox 271 2801 353 2853; x_wconf 89' lang='lat' dir='ltr'>essent,</span> <span class='ocrx_word' id='word_1_281' title='bbox 368 2801 393 2841; x_wconf 90' lang='lat' dir='ltr'>ut</span> <span class='ocrx_word' id='word_1_282' title='bbox 408 2796 457 2854; x_wconf 88' lang='lat' dir='ltr'>ipse</span> <span class='ocrx_word' id='word_1_283' title='bbox 474 2795 533 2841; x_wconf 89' lang='lat' dir='ltr'>dicit.</span> <span class='ocrx_word' id='word_1_284' title='bbox 565 2797 641 2857; x_wconf 89' lang='lat' dir='ltr'>ltaque</span> <span class='ocrx_word' id='word_1_285' title='bbox 653 2813 682 2844; x_wconf 90' lang='grc'>111</span> <span class='ocrx_word' id='word_1_286' title='bbox 697 2800 721 2844; x_wconf 87' lang='grc'>111</span> <span class='ocrx_word' id='word_1_287' title='bbox 734 2797 829 2844; x_wconf 89' lang='lat' dir='ltr'>eandem</span> <span class='ocrx_word' id='word_1_288' title='bbox 840 2796 920 2842; x_wconf 84' lang='lat' dir='ltr'>Fichtll</span> 
     </span>
     <span class='ocr_line' id='line_1_35' title="bbox 66 2877 921 2938; baseline 0.001 -16"><span class='ocrx_word' id='word_1_289' title='bbox 66 2878 267 2937; x_wconf 81' lang='lat' dir='ltr'>reprehensionem</span> <span class='ocrx_word' id='word_1_290' title='bbox 288 2878 439 2934; x_wconf 73' lang='lat' dir='ltr'>incurrerem,</span> <span class='ocrx_word' id='word_1_291' title='bbox 456 2877 533 2922; x_wconf 89' lang='lat' dir='ltr'>melius</span> <span class='ocrx_word' id='word_1_292' title='bbox 551 2878 603 2924; x_wconf 88' lang='lat' dir='ltr'>duxi</span> <span class='ocrx_word' id='word_1_293' title='bbox 620 2894 663 2926; x_wconf 90' lang='lat' dir='ltr'>una</span> <span class='ocrx_word' id='word_1_294' title='bbox 680 2880 717 2931; x_wconf 87' lang='lat' dir='ltr'>illa</span> <span class='ocrx_word' id='word_1_295' title='bbox 734 2892 802 2938; x_wconf 89' lang='lat' dir='ltr'>opera</span> <span class='ocrx_word' id='word_1_296' title='bbox 820 2878 921 2923; x_wconf 89' lang='lat' dir='ltr'>multitu-</span> 
     </span>
     <span class='ocr_line' id='line_1_36' title="bbox 68 2943 920 3019; baseline 0.002 -17"><span class='ocrx_word' id='word_1_297' title='bbox 68 2959 114 3003; x_wconf 90' lang='lat' dir='ltr'>dini</span> <span class='ocrx_word' id='word_1_298' title='bbox 130 2961 257 3019; x_wconf 89' lang='lat' dir='ltr'>conscripta</span> <span class='ocrx_word' id='word_1_299' title='bbox 272 2960 402 3018; x_wconf 88' lang='lat' dir='ltr'>respicere:</span> <span class='ocrx_word' id='word_1_300' title='bbox 423 2971 475 3003; x_wconf 90' lang='lat' dir='ltr'>nam</span> <span class='ocrx_word' id='word_1_301' title='bbox 495 2972 551 3017; x_wconf 88' lang='lat' dir='ltr'>quac</span> <span class='ocrx_word' id='word_1_302' title='bbox 574 2960 625 3006; x_wconf 89' lang='lat' dir='ltr'>huic</span> <span class='ocrx_word' id='word_1_303' title='bbox 644 2962 672 3006; x_wconf 92' lang='lat' dir='ltr'>ad</span> <span class='ocrx_word' id='word_1_304' title='bbox 689 2943 858 3019; x_wconf 75' lang='lat' dir='ltr'>intelligendum</span> <span class='ocrx_word' id='word_1_305' title='bbox 876 2959 920 3004; x_wconf 87' lang='lat' dir='ltr'>ob-</span> 
     </span>
     <span class='ocr_line' id='line_1_37' title="bbox 68 3039 921 3101; baseline 0.002 -18"><span class='ocrx_word' id='word_1_306' title='bbox 68 3040 114 3084; x_wconf 90' lang='lat' dir='ltr'>tata</span> <span class='ocrx_word' id='word_1_307' title='bbox 133 3047 190 3098; x_wconf 82' lang='lat' dir='ltr'>sunt,</span> <span class='ocrx_word' id='word_1_308' title='bbox 206 3056 234 3087; x_wconf 86' lang='lat' dir='ltr'>ea</span> <span class='ocrx_word' id='word_1_309' title='bbox 252 3047 314 3087; x_wconf 88' lang='lat' dir='ltr'>certe</span> <span class='ocrx_word' id='word_1_310' title='bbox 329 3047 352 3088; x_wconf 91' lang='lat' dir='ltr'>et</span> <span class='ocrx_word' id='word_1_311' title='bbox 367 3043 416 3101; x_wconf 88' lang='lat' dir='ltr'>ipse</span> <span class='ocrx_word' id='word_1_312' title='bbox 432 3039 558 3100; x_wconf 79' lang='lat' dir='ltr'>intelligere</span> <span class='ocrx_word' id='word_1_313' title='bbox 575 3047 690 3101; x_wconf 63' lang='lat' dir='ltr'>potuerofl</span> <span class='ocrx_word' id='word_1_314' title='bbox 721 3043 777 3090; x_wconf 85' lang='lat' dir='ltr'>Num</span> <span class='ocrx_word' id='word_1_315' title='bbox 794 3041 846 3100; x_wconf 85' lang='lat' dir='ltr'>quid</span> <span class='ocrx_word' id='word_1_316' title='bbox 861 3041 921 3086; x_wconf 92' lang='lat' dir='ltr'>dilu-</span> 
     </span>
     <span class='ocr_line' id='line_1_38' title="bbox 69 3107 920 3179; baseline 0.005 -16"><span class='ocrx_word' id='word_1_317' title='bbox 69 3107 149 3163; x_wconf 51' lang='lat' dir='ltr'>cidius¹</span> <span class='ocrx_word' id='word_1_318' title='bbox 159 3133 209 3165; x_wconf 88' lang='lat' dir='ltr'>csse</span> <span class='ocrx_word' id='word_1_319' title='bbox 225 3128 299 3179; x_wconf 86' lang='lat' dir='ltr'>potest</span> <span class='ocrx_word' id='word_1_320' title='bbox 314 3123 351 3166; x_wconf 87' lang='lat' dir='ltr'>his</span> <span class='ocrx_word' id='word_1_321' title='bbox 367 3120 443 3166; x_wconf 84' lang='lat' dir='ltr'>verbis</span> <span class='ocrx_word' id='word_1_322' title='bbox 453 3152 469 3178; x_wconf 40' lang='lat' dir='ltr'>,f</span> <span class='ocrx_word' id='word_1_323' title='bbox 484 3133 535 3165; x_wconf 90' lang='lat' dir='ltr'>num</span> <span class='ocrx_word' id='word_1_324' title='bbox 553 3122 641 3168; x_wconf 90' lang='lat' dir='ltr'>minore</span> <span class='ocrx_word' id='word_1_325' title='bbox 665 3137 714 3168; x_wconf 90' lang='lat' dir='ltr'>cum</span> <span class='ocrx_word' id='word_1_326' title='bbox 735 3123 801 3167; x_wconf 87' lang='lat' dir='ltr'>laude</span> <span class='ocrx_word' id='word_1_327' title='bbox 825 3123 869 3168; x_wconf 90' lang='lat' dir='ltr'>dici</span> <span class='ocrx_word' id='word_1_328' title='bbox 891 3122 920 3167; x_wconf 88' lang='lat' dir='ltr'>de</span> 
     </span>
     <span class='ocr_line' id='line_1_39' title="bbox 66 3199 919 3263; baseline 0.004 -16"><span class='ocrx_word' id='word_1_329' title='bbox 66 3199 153 3247; x_wconf 81' lang='lat' dir='ltr'>Flclrtio</span> <span class='ocrx_word' id='word_1_330' title='bbox 169 3205 257 3260; x_wconf 69' lang='lat' dir='ltr'>potest„</span> <span class='ocrx_word' id='word_1_331' title='bbox 281 3216 346 3263; x_wconf 71' lang='lat' dir='ltr'>(quam</span> <span class='ocrx_word' id='word_1_332' title='bbox 357 3203 402 3249; x_wconf 87' lang='lat' dir='ltr'>hoc</span> <span class='ocrx_word' id='word_1_333' title='bbox 420 3200 473 3248; x_wconf 90' lang='lat' dir='ltr'>loco</span> <span class='ocrx_word' id='word_1_334' title='bbox 489 3199 572 3247; x_wconf 85' lang='lat' dir='ltr'>lactum</span> <span class='ocrx_word' id='word_1_335' title='bbox 588 3208 633 3263; x_wconf 81' lang='lat' dir='ltr'>est,</span> <span class='ocrx_word' id='word_1_336' title='bbox 649 3217 701 3250; x_wconf 85' lang='lat' dir='ltr'>niun</span> <span class='ocrx_word' id='word_1_337' title='bbox 717 3202 783 3250; x_wconf 90' lang='lat' dir='ltr'>ullum</span> <span class='ocrx_word' id='word_1_338' title='bbox 803 3203 919 3250; x_wconf 88' lang='lat' dir='ltr'>consilium</span> 
     </span>
    </p>
   </div>
   <div class='ocr_carea' id='block_1_3' title="bbox 0 0 1004 3399">
    <p class='ocr_par' dir='ltr' id='par_1_4' title="bbox 0 0 1004 3399">
     <span class='ocr_line' id='line_1_40' title="bbox 0 0 1004 3399; baseline 0 0"><span class='ocrx_word' id='word_1_339' title='bbox 0 0 1004 3399; x_wconf 95' lang='lat' dir='ltr'> </span> 
     </span>
    </p>
   </div>
  </div>
 </body>
</html>
