1979 3399
378 52 625 105 --lbl--¹

50 198 100 250 ost,
116 193 139 246 in
155 192 281 254 Zieglerum
301 199 324 241 et
341 194 482 256 Zingerlium
506 199 622 256 utrumque
640 193 753 254 quondam
777 192 905 254 theologiae

48 275 191 334 professores
208 290 268 323 rrunc
282 290 338 324 vero
355 279 475 338 episcopos
492 278 551 324 bene
565 276 751 334 merentisshnoS,
767 276 867 337 denique
880 276 905 321 iu
973 290 978 302 ’

49 370 128 404 omnes
150 358 271 420 theologos
296 360 437 417 catholicos,
461 360 499 419 qui
521 360 545 404 iu
567 361 750 408 universitatibus
771 357 904 406 Theodiscis

48 441 167 497 postremis
183 441 219 485 his
233 440 370 500 temporibus
386 446 447 486 artes
463 440 560 499 professi
575 446 634 500 suut,
649 430 736 489 recidit.

112 539 212 599 Amplius
230 540 300 585 refert
315 540 447 584 Perronius:

142 644 168 696 Q)
186 639 231 698 „Ne
249 638 305 685 ordo
324 638 481 699 theologorum
503 637 598 684 inferior
619 639 648 683 sit
665 640 746 684 ceteris
767 638 902 684 Germaniae

143 718 267 777 ordinibus,
286 732 356 779 opera
373 734 386 765 a
401 718 568 780 professoribus
580 717 669 764 edenda
686 731 796 763 eerrsurae
812 718 904 764 archie-

117 788 120 793 ’
143 803 230 862 piscopi
245 801 305 847 haud
320 800 486 847 sirbiiciantur.“

111 913 161 971 lpsa
172 913 252 958 relatio
263 912 399 966 Perroniana
410 910 532 970 profitetur,
548 910 577 956 ab
594 909 675 956 ordine
691 910 847 970 theologorum
865 924 906 955 ca-

51 994 185 1040 tholicorum
201 994 262 1039 bona
276 993 320 1038 lide
335 993 390 1037 nihil
406 993 540 1051 postulatum
556 1004 616 1049 esse,
634 993 679 1038 nisi
696 1006 740 1052 quo
756 992 827 1037 ceteri
842 990 907 1035 ordi-

49 1088 90 1120 nes
115 1074 271 1134 theologorum
291 1074 314 1118 in
338 1073 457 1119 Germania
480 1074 524 1119 iam
550 1073 685 1120 fruerentur.
717 1074 741 1121 Si
765 1078 838 1118 autem
854 1071 909 1117 nulli

49 1168 90 1213 per
107 1155 249 1200 Germaniam
272 1154 347 1199 ordini
369 1153 427 1199 haec
450 1154 575 1200 immunitas
593 1154 686 1213 fuisset,
710 1154 816 1215 quidnam
833 1153 909 1200 delicti

50 1237 190 1282 cornmittunt
204 1234 348 1295 professores
366 1235 514 1292 Bonnenses,
539 1236 558 1281 si
577 1241 668 1295 optant,
692 1241 717 1282 ut
733 1236 834 1295 episcopi
849 1235 907 1281 hanc

50 1331 161 1362 censurae
178 1318 339 1363 imnmnitatem
353 1318 397 1362 sibi
413 1317 561 1363 coricedaut?
577 1318 635 1372 Quid
654 1316 729 1362 delicti
744 1322 790 1374 est,
805 1315 827 1361 id
845 1316 906 1377 legi-

52 1400 103 1443 time
119 1412 210 1459 rogare,
228 1399 297 1459 quod,
312 1404 336 1443 ut
350 1399 405 1444 satis
421 1402 516 1455 constat,
532 1398 634 1444 omnibus
651 1397 763 1458 theologis
779 1397 905 1443 AustriacIs

52 1492 188 1524 conoessum
204 1484 251 1535 est,
272 1477 294 1523 h.
312 1492 333 1522 e.
349 1481 373 1522 ut
387 1477 453 1523 liberi
473 1480 518 1524 sint
531 1493 554 1524 -a
579 1492 674 1526 censura
696 1478 818 1538 episcopi?
846 1477 905 1531 outo

53 1560 190 1619 delinquunt,
207 1561 226 1605 si
241 1559 340 1620 legitime
353 1565 443 1619 rogant,
460 1561 520 1620 quod
540 1574 637 1607 summus
650 1560 757 1619 pontifex
774 1544 904 1606 iuBararia

52 1655 99 1686 non
116 1641 187 1687 solum
205 1641 307 1686 omnibus
330 1640 460 1701 theologiae
474 1642 642 1701 professoribus
661 1641 704 1688 sed
721 1642 811 1686 omnino
832 1642 907 1686 omni-

53 1723 94 1768 bus
111 1722 200 1768 clericis
215 1720 337 1768 secundum
350 1722 476 1783 pactionem
493 1735 543 1767 cum
553 1721 662 1768 Bavariae
679 1735 736 1782 rege
751 1722 833 1767 factam
849 1735 909 1766 cou-

56 1803 144 1848 cessit?
160 1801 246 1856 Quodsi
262 1802 391 1848 Hermesius
409 1807 431 1847 et
449 1804 519 1865 ceteri
536 1803 621 1848 ordinis
640 1802 743 1863 collegae
760 1801 907 1861 deliquerunt,

56 1899 106 1929 cum
122 1884 182 1929 hanc
199 1884 358 1929 immunitatem
375 1889 491 1942 rogarunt,
508 1884 558 1928 Pius
574 1884 613 1929 Vll
629 1897 727 1930 summus
743 1883 852 1942 pontifex,
869 1885 907 1942 qui

55 1978 140 2008 summa
158 1963 276 2009 sanctitate
294 1964 365 2008 illuxit
380 1964 422 2018 vir,
442 1963 510 2008 multo
528 1964 599 2023 magis
617 1964 726 2023 deliquit,
743 1978 792 2009 curn
812 1963 908 2008 candem

56 2045 145 2090 clericis
160 2045 275 2090 Bavaricis
289 2045 409 2089 concessit.

117 2143 161 2189 Sed
179 2155 206 2187 eo
224 2144 282 2201 ipso,
300 2141 360 2200 quod
375 2142 398 2185 in
414 2141 529 2186 Hermesio
545 2142 665 2186 Perronius
683 2142 807 2199 vituperat,
824 2143 906 2187 inritus

55 2222 114 2269 illum
133 2221 248 2267 celebrare
266 2222 361 2280 cogitur.
394 2220 477 2264 linitus
496 2222 573 2265 testari
591 2222 693 2281 cogitur,
717 2225 783 2278 quam
799 2222 906 2282 religiose

54 2305 121 2348 etiam
136 2304 158 2347 in
175 2303 219 2347 hac
240 2314 266 2346 re
289 2298 360 2361 egerit
375 2300 510 2346 Hermesius.
542 2300 636 2358 Evolve,
654 2313 746 2361 quaeso,
765 2314 833 2361 opera
849 2304 907 2348 Ddl-

54 2385 136 2444 liugeri
153 2383 281 2443 theologiae
295 2383 324 2427 in
340 2375 486 2428 uniuersitate
501 2382 633 2428 hlonacensi
646 2383 790 2441 professoris,
806 2384 907 2443 ll'alteri,

54 2465 162 2522 lllbhleri,
178 2464 288 2523 Ziegleri,
306 2463 491 2522 Staudcnmaperi
508 2463 608 2524 theologi
623 2464 786 2524 FriburgeusiS,
802 2466 907 2511 innume-

54 2559 174 2605 rorumque
190 2545 282 2590 aliorum
299 2556 355 2601 quae
366 2544 483 2588 nominare
495 2545 550 2588 nihil
565 2547 649 2601 attinet,
664 2550 689 2588 ut
703 2545 822 2606 intelligas,
833 2553 905 2592 utrum

56 2627 113 2671 haec
131 2639 240 2671 censurae
257 2624 379 2690 episcopali
398 2624 499 2669 subiecta
515 2624 598 2669 fuerint
616 2637 659 2668 uec
676 2637 713 2669 ne.
745 2625 800 2671 Num
809 2627 839 2671 illi
849 2641 905 2672 cen-

53 2719 127 2750 suram
145 2705 294 2765 episcopalem
309 2704 465 2763 rogaverunt?
481 2704 537 2748 Num
553 2703 661 2759 feceruut,
679 2703 739 2762 quod
757 2705 832 2750 iudice
848 2706 904 2750 Per-

52 2787 118 2831 ronio
135 2786 251 2846 gravibus
281 2785 362 2845 poenis
390 2785 514 2842 propositis,
538 2784 613 2828 facere
637 2784 767 2829 debebant?
798 2785 901 2831 blinimel

52 2862 163 2924 Nusquam
178 2878 222 2910 uec
237 2864 288 2909 vola
306 2876 349 2909 uec
364 2864 484 2922 vestigium
500 2867 621 2923 comparet,
640 2877 683 2922 quo
699 2864 813 2922 probetur,
832 2878 902 2925 opera

53 2957 130 2989 eorum
155 2943 276 3004 episcopali
299 2956 395 2988 censura
421 2945 537 2989 aestimata
559 2945 635 2989 fuisse.
676 2944 830 3006 Verunrenim
847 2962 903 2995 vero

52 3022 181 3070 Hermesius
196 3038 222 3071 re
237 3037 292 3069 vera
308 3023 369 3080 fecit,
388 3024 448 3083 quod
467 3038 545 3069 omues
562 3024 592 3069 illi
606 3025 741 3069 omiserunt:
759 3028 833 3072 omnia
844 3008 904 3075 enim

53 3103 192 3161 scriptasua
217 3103 339 3162 theologici
354 3106 479 3164 argrmreuii
495 3117 603 3150 censurae
620 3105 742 3164 episcopali
757 3107 865 3166 subiecit,
881 3112 905 3157 id

51 3182 112 3239 quod
121 3183 144 3228 in
155 3186 209 3244 ipsis
221 3185 284 3231 libris
293 3183 373 3229 litteris
381 3186 527 3245 perscriptum
540 3185 641 3244 legimus.
674 3184 747 3231 Nihilo
761 3189 834 3234 minus
844 3191 904 3235 ller-

716 3278 746 3324 ll
