1979 3399
330 120 335 124 ,.
367 107 400 117 -
441 80 493 133 935
533 91 578 115 —-'

109 219 174 266 lactis
186 219 318 267 deliniendis
336 234 410 283 neque
423 222 535 282 imperare
551 219 617 279 velle,
633 231 709 280 neque
727 219 822 279 exigere
838 230 906 277 posse

104 301 253 347 certissimum
271 316 284 347 a
303 303 369 347 nobis
386 302 449 347 Fidei
466 302 555 347 divinae
575 304 706 347 assensum‘
718 301 749 356 ¹).

43 385 104 430 llaec
120 381 270 431 lluratorius:
287 396 329 428 nos
347 384 449 441 exempla
467 394 524 440 quac
544 387 665 441 sequuntur
682 379 799 427 addemus.

103 462 228 521 Dionysius
246 463 366 521 episcopos
382 461 554 507 Aiecoodmons
580 462 602 506 in
618 462 676 507 libro
694 461 804 507 aduersus
820 456 904 505 Sobel-

42 546 116 590 lionos
130 543 211 602 placita
229 550 372 603 exposuerat,
388 544 469 604 quibus
486 543 508 587 in
523 543 673 601 suspicionem
690 543 781 598 incidit,
798 555 849 586 eum
866 540 903 585 di-

40 626 112 671 versis
130 624 245 671 erroribus
262 625 387 684 indulgere.
427 624 505 669 Beleia
530 628 564 667 cst
580 636 617 668 res
634 623 662 669 ad
679 624 803 669 Romanum
824 622 903 682 ponti-

40 709 112 753 ficem.
151 706 172 752 ls
190 706 250 750 circa
265 719 346 751 annum
364 705 409 751 260
429 705 527 750 concilio
545 709 686 761 convocato,
700 704 781 764 placita
797 704 901 762 Dionysii

40 800 83 833 una
103 800 152 832 enm
170 785 284 832 erroribus
300 785 391 832 Sabellii
410 784 575 830 condemnarit.
619 783 678 837 Quid
700 785 744 828 iam
760 783 902 844 Dionysius?

40 869 96 914 Num
114 867 200 923 tacuit,
227 880 280 912 unm
297 865 408 911 sententia
426 864 506 909 sunrmi
523 863 635 922 pontificis
660 867 683 908 et
701 863 792 909 concilii
808 866 903 924 acquie-

40 948 93 992 vit?
124 946 214 991 illinime
232 946 346 1002 ominum,
361 945 429 989 immo
445 944 536 1002 scriptis
553 943 581 988 de
599 943 642 989 hac
659 956 728 989 cansa
746 945 812 990 editis
828 946 900 1004 ipsum

39 1041 91 1074 sese
109 1026 210 1072 defendit
227 1031 292 1084 atque
308 1023 414 1081 ostendit,
432 1024 555 1081 doctrinas,
574 1036 629 1082 quas
647 1036 745 1069 summus
761 1025 863 1084 pontifex
879 1027 901 1071 ei

39 1108 166 1165 tribuisset,
191 1120 244 1153 suas
262 1119 309 1152 non
332 1119 400 1162 esse3
427 1106 534 1165 queritur,
552 1103 667 1150 delatores
692 1118 747 1151 suos
770 1117 829 1163 qaece
850 1105 901 1163 ipse

38 1189 152 1234 docuisset
162 1200 213 1232 ooo
229 1187 318 1245 iateque
333 1186 376 1231 sed
389 1198 472 1231 oconco
494 1185 614 1242 detulisse,
635 1185 725 1231 eosdem
740 1201 787 1232 ιιοιι
809 1188 899 1232 sineere

38 1275 59 1314 et
71 1268 144 1327 probe
159 1267 201 1313 scd
213 1267 325 1311 malitiose
340 1265 413 1325 episse
436 1270 503 1323 atqu-e
526 1265 612 1310 dixisse
627 1275 686 1323 quoe
703 1265 771 1312 libido
787 1266 899 1327 capessis-

36 1351 71 1393 set
81 1352 109 1404 ²).
141 1348 198 1392 Num
211 1347 344 1404 Dionysius,
360 1345 398 1406 qui
414 1344 495 1390 eadem
511 1357 604 1404 prorsus
620 1346 750 1392 conditione
768 1353 830 1405 erat,
854 1362 897 1407 qua

36 1429 243 1486 suntHermesiani,
258 1441 274 1473 o
289 1428 329 1472 oio
346 1426 483 1480 declinavit,
501 1440 554 1471 ιιιιιιι
570 1426 680 1473 comanisit
694 1439 753 1486 ptrue
767 1441 844 1487 poeno
861 1430 898 1474 cli-

37 1521 82 1567 qno
98 1508 193 1553 essent?
224 1508 246 1554 S.
257 1506 382 1552 Athanasio
400 1505 489 1565 quidem
506 1506 543 1550 illc
559 1505 616 1551 nihil
632 1507 744 1553 eiusmodi
759 1509 842 1555 fecisse
858 1511 896 1554 vi-

37 1588 117 1633 detur:
136 1589 155 1632 is
172 1588 238 1645 enim,
256 1583 383 1647 quiunquam
401 1586 505 1631 exstabat
521 1586 679 1633 condemnatio
699 1589 804 1648 papalis,
824 1602 898 1649 pecu·-

37 1668 87 1712 liari
111 1668 205 1726 epistola
230 1668 382 1724 monstravit,
403 1667 537 1724 Dionysium
557 1666 632 1712 nullos
657 1681 748 1714 errores
770 1669 897 1729 professum

37 1760 104 1805 esse3
121 1761 196 1807 neque
211 1760 267 1793 uero
286 1746 399 1792 ecclcsiae
416 1744 541 1791 catholicae
558 1747 595 1791 ille
606 1747 669 1793 visus
686 1752 721 1794 est
736 1748 781 1795 hoc
797 1749 897 1794 fecisse:

19 1842 88 1873 narn
107 1842 134 1873 ea
150 1829 282 1887 Dionysium
298 1829 321 1872 in
338 1840 455 1872 numerum
472 1831 602 1872 sanctorum
619 1830 740 1886 cooptavit.
766 1829 896 1891 Perronius,

36 1910 73 1968 qui
88 1909 219 1967 Dionysium
236 1909 289 1953 item
307 1909 440 1953 innumero
458 1911 589 1953 sanctorum
605 1909 628 1952 in
642 1907 771 1968 dogmatica
788 1922 829 1954 sua
847 1923 898 1954 me-

35 1988 149 2043 morarit,
167 1987 187 2031 is
204 1987 223 2031 si
239 1985 282 2031 sibi
299 1990 404 2031 constare
422 1984 486 2042 velit,
505 1986 564 2037 hanc
581 1987 753 2044 appellationem
771 1994 895 2034 retractare

36 2067 127 2112 debebit
144 2071 166 2111 et
182 2067 314 2126 Dionysium
331 2079 381 2111 eum
400 2064 525 2122 denotare,
553 2067 590 2124 qui
605 2067 655 2111 vias
671 2071 785 2113 tortuosas
802 2070 896 2128 ingres-

36 2161 73 2192 sus
89 2147 156 2192 luerit
166 2142 239 2204 'atque
254 2146 392 2190 commiserit
408 2158 465 2203 quae
481 2158 555 2203 poena
573 2144 641 2204 digna
658 2152 741 2191 essent.

106 2234 237 2292 Quanquam
252 2233 345 2291 plurima
361 2232 498 2290 antiquitatis
509 2231 610 2291 exempla
621 2231 702 2291 adsint,
719 2245 785 2292 quum
797 2246 894 2292 eaquae

39 2311 112 2357 adhuc
128 2312 152 2355 in
170 2313 267 2356 medium
282 2310 368 2369 prolata
382 2315 441 2365 sunt,
456 2324 505 2355 rcm
522 2324 612 2356 omnem
628 2313 748 2358 absolvere
764 2313 893 2371 videantur,

35 2404 101 2437 unum
119 2404 149 2437 ex
164 2391 263 2450 plurimis
282 2389 342 2448 quod
358 2389 387 2434 ad
403 2390 514 2434 seriorem
530 2394 626 2435 aetatem
641 2392 738 2450 pertinet
753 2392 894 2452 afferremus,

38 2477 59 2516 et
75 2471 164 2531 quidem
180 2472 225 2523 talc
246 2484 290 2531 quo
309 2470 338 2515 ad
358 2469 468 2516 cunabula
484 2470 597 2517 ecclesiae
612 2470 738 2518 catholicae
754 2474 895 2520 Tlreodiscae

35 2551 172 2600 deducimur.
476 2562 479 2566 ’

96 2634 156 2678 Inter
179 2642 220 2676 eos
242 2631 318 2689 quis.
341 2631 476 2689 Bonifacio,
505 2631 666 2679 Germanorum
684 2635 795 2693 apostolo,
812 2634 891 2682 multas

37 2713 104 2759 animi
121 2710 274 2772 aegritudines
291 2715 405 2770 pararunt,
423 2711 522 2758 eminent
537 2711 637 2758 Clemens
648 2712 817 2772 etAdelbertas,
833 2728 894 2775 quo-

46 2841 225 2848 ,ψ-,ῤ--ρ-ι

74 2916 94 2970 1)
109 2918 122 2955 1.
137 2917 150 2955 ι,
163 2930 178 2955 ι,
194 2917 247 2956 xur.

73 2995 94 3047 2³)
108 3010 126 3037 v.
141 2997 159 3034 S.
175 2995 278 3033 Athanasii
291 2995 376 3046 Epistol.
393 2995 418 3032 dc
432 2996 533 3033 sententia
548 2995 640 3043 Dionysii
655 3006 675 3044 p.
686 2993 725 3031 253
738 2994 799 3045 Oper.
814 3002 864 3037 tom.
874 2999 890 3035 l.

112 3068 131 3106 Ρ.
145 3068 159 3103 Ι.
185 3068 257 3107 ἔπειτα
272 3066 365 3105 αἰτιᾶται
383 3062 432 3111 τοὺς
444 3065 582 3109 κατειπόντας
599 3064 664 3105 αὐτοῦ
680 3065 708 3110 ὥς
725 3061 753 3120 μὴ
769 3066 892 3122 ὁλοκλήρους

113 3140 224 3188 λέγοντας,
240 3133 290 3175 dttd
307 3136 476 3186 περικόπτονιας
490 3136 553 3176 αὐτοῦ
567 3130 604 3178 zris
619 3137 691 3182 λέξεις,
705 3141 739 3178 καὶ
754 3135 782 3184 ὥς
798 3134 827 3193 μὴ
841 3142 892 3192 καλῇ

117 3208 243 3257 συνειδήσει,
260 3203 310 3247 dttd
325 3209 407 3260 πονηρᾷ.
422 3211 535 3253 λαλοῦντας
551 3207 578 3251 ὥς
593 3209 685 3248 θέλουσι.
