1979 3399
370 85 571 135 -107-

200 219 304 271 Essems.

48 308 138 347 bominis
151 310 279 360 conscripsit,
300 320 360 358 quem
377 307 458 344 Herme-

49 370 96 424 siris‚
110 380 126 416 ei
141 380 166 416 de
180 368 259 416 ratione
274 379 401 429 quaestionis
412 377 458 429 phi-

22 475 23 478 *
48 450 165 500 iosophicae
180 449 297 488 tractandae
308 456 328 487 et
341 448 407 486 verbis
423 461 458 485 en-

48 507 154 570 piicandae
172 523 248 569 agitur,
269 526 372 570 tamquam
390 510 458 555 exem-¹

48 591 92 641 piar
100 603 221 641 magnopere
229 590 382 634 commendavit,
388 602 458 641 quam.

47 662 76 696 vis
97 661 202 697 lucutenta
228 660 386 704 demonstraret,
405 667 458 696 stare

47 744 88 767 non
103 744 173 781 posse,
193 745 245 782 quae
267 732 288 767 iu
305 744 328 768 eo
344 729 395 766 libro
410 743 457 780 pro-

47 800 112 850 posita
127 809 201 840 essent.

63 934 64 937 ¹
86 922 127 959 Sed
151 923 204 960 idem
232 924 345 959 Hermesius
369 923 457 971 ingenue

46 994 148 1043 professus
165 1000 206 1041 est,
225 994 326 1032 Fichtium
346 1006 371 1031 ex
385 1006 456 1031 recen-

44 1065 132 1102 tioribus
147 1065 274 1116 philosophis
289 1078 333 1102 eum
351 1078 407 1112 esse,
421 1067 455 1116 qui

46 1137 89 1174 eius
101 1138 212 1186 systematis
232 1136 387 1187 philosophici,
401 1136 456 1188 quod

47 1208 162 1254 Hermesius
176 1214 224 1260 post
238 1208 355 1254 constituit,
370 1209 456 1260 primor-

45 1278 77 1315 dia
94 1280 170 1330 primus
184 1267 341 1329 significaverit,
358 1292 384 1318 ¹eo
397 1280 455 1332 quod

45 1344 134 1397 dixerit,
158 1352 202 1389 fieri
227 1365 269 1389 non
288 1364 361 1403 posse,
388 1356 411 1387 ut
431 1362 455 1387 ex

44 1423 129 1459 scientia
146 1422 171 1459 ad
184 1423 286 1461 obiectum
297 1424 394 1460 scientiae
407 1434 454 1472 per-

44 1494 165 1542 veniamus;
191 1495 262 1545 itaque
278 1502 313 1533 aut
333 1495 453 1533 ordiendum

44 1567 112 1600 essee
130 1558 236 1611 realitate,
257 1572 292 1603 arat
310 1556 386 1603 aditum
397 1594 404 1612 ‚
418 1565 453 1616 qui

43 1634 69 1672 ad
85 1632 128 1672 eam
144 1635 277 1687 perduceret,
299 1649 378 1675 omnem
393 1650 453 1688 prae-

43 1706 119 1743 clusum
135 1720 184 1744 esse.

68 1847 109 1884 Sed
123 1860 167 1885 cum
181 1849 303 1886 necessitate
311 1847 388 1886 sciendi
403 1862 449 1894 eon-

43 1919 134 1955 iunctam
144 1932 188 1956 esse
198 1914 337 1958 necessitatem
346 1933 384 1970 qua
396 1933 450 1957 com-

42 1988 151 2037 peltimur,
173 1998 195 2029 ut
217 1991 237 2046 id
251 1991 308 2041 ‘quod
329 1992 402 2028 ecimus
415 2005 451 2028 ve-

42 2071 84 2096 rum
99 2053 203 2111 ratumque
213 2050 331 2108 habeamus,
347 2062 450 2099 homines-

41 2142 80 2180 que
105 2131 142 2168 hac
167 2134 288 2169 necessitate
312 2132 366 2168 haud
388 2134 450 2181 inagis

41 2212 100 2249 quam
122 2203 158 2238 iila
176 2204 221 2239 exui
242 2209 263 2239 et
280 2203 363 2240 liberari
382 2216 449 2254 posse,

40 2274 101 2321 atque
115 2269 153 2309 hoc
167 2274 211 2323 ipso
226 2273 288 2320 edici,
311 2281 334 2311 ut
352 2281 448 2312 constan.

40 2344 71 2377 ter
94 2348 115 2379 et
141 2342 255 2381 inevitabili
280 2346 358 2384 ratione
373 2353 448 2385 reram
471 2385 473 2387 ,

40 2412 135 2463 omnique
152 2416 228 2464 speciei
250 2418 371 2455 contrariam
388 2420 448 2457 reali-

39 2487 100 2538 tatem
116 2491 207 2532 teneant,
222 2487 273 2533 hoc,
288 2490 321 2539 uti
332 2489 448 2528 Hermcsius

39 2551 97 2599 dixit,
111 2556 200 2595 Fichtius
214 2556 342 2605 nonuidit„

64 2697 101 2734 Die
115 2698 141 2735 22
155 2699 271 2736 Decembris
291 2697 386 2739 eiusdem
399 2705 447 2740 anui

40 2766 90 2805 1798
103 2775 206 2808 tonsuram
222 2774 300 2823 accepit
314 2774 374 2810 titulo
390 2787 447 2811 neeri-

38 2848 71 2874 sae
85 2840 183 2891 Principis
196 2841 221 2878 ab
237 2853 273 2889 eo,
287 2845 323 2893 qui
340 2850 388 2883 tunc
403 2848 447 2898 epi·

38 2920 109 2959 scopus
123 2912 144 2948 iu
159 2912 259 2962 partibus,
274 2927 329 2952 utine
339 2917 446 2968 episeopus

36 2977 215 3031 Monasteriensis,
236 2998 248 3021 a
262 2987 304 3024 viro
320 2989 446 3026 reverendis-

37 3049 86 3086 simo
101 3059 121 3090 et
134 3054 198 3094 libero
213 3056 289 3094 barone
301 3059 388 3108 Carpere
401 3060 444 3097 Ma-

36 3118 140 3161 similiano
153 3124 180 3163 de
194 3128 267 3164 Droste
285 3127 306 3164 in
320 3129 445 3180 Vischering,

38 3186 84 3229 dein
101 3203 188 3247 quatuor
201 3199 289 3237 minores
310 3198 445 3240 subdiacona-

628 224 758 272 Petronius,

496 307 525 344 vit
547 307 620 346 tibrum
641 321 651 345 a
673 307 753 345 Fichtio
772 305 908 356 conscriptum

494 359 525 415 de·
534 379 584 418 Ft‘ue
599 380 689 420 bominis
701 378 738 429 (sic
744 377 758 430 t)

495 524 595 570 tamquam
611 521 713 571 exemplar
722 518 850 571 quaestionis
860 515 907 567 phi-

495 589 614 640 losophicae
629 592 745 629 tractandae
758 596 779 628 et
793 590 861 630 verbis
872 602 906 626 ex-

495 659 611 710 piicdndac,
639 663 728 711 qumnvis
747 674 865 712 persuasum
887 660 906 697 ei

495 736 562 774 esset,
576 730 686 767 doctrinam
701 733 722 768 in
737 731 776 767 hoc
790 732 841 768 libro
857 745 905 781 pro-

494 801 580 851 positam
593 802 740 842 sustinerinon
756 813 820 851 posse.

520 924 622 961 Postremo
646 923 750 961 confessus
770 930 800 961 est
822 924 906 960 Herme-

493 994 546 1038 sius,
563 993 662 1031 Ficbtium
679 996 764 1045 primum
780 996 854 1041 faisse,
867 995 904 1044 qui

493 1072 579 1114 systema
591 1065 728 1114 indigitaverit
737 1066 793 1117 quod
802 1068 845 1116 ipse
859 1071 905 1115 post

493 1138 550 1174 illum
575 1138 683 1189 perfecerit
705 1145 767 1188 atque
791 1138 812 1174 iu
839 1137 904 1173 lucem

493 1208 591 1248 ediderit:

492 1349 592 1387 Fichtium
614 1338 775 1395 enim'dixissffi
801 1349 843 1385 fler}
862 1361 904 1386 non

491 1434 556 1476 posse,
570 1428 592 1459 ut
606 1435 630 1459 er
644 1434 668 1459 eo
683 1421 738 1472 quod
749 1420 817 1460 ideale
827 1418 851 1456 ad
862 1419 902 1456 ob-

490 1484 564 1530 iectum
579 1494 637 1531 reale
650 1493 797 1543 perveniamus,
811 1490 902 1541 ideoque

492 1578 502 1601 a
523 1564 571 1601 reali
591 1564 673 1601 initium
695 1564 730 1599 fiat
753 1568 863 1613 oportere,
883 1560 900 1597 si

491 1634 517 1671 ad
534 1635 588 1672 reale
616 1636 658 1671 sive
681 1634 794 1672 realitatem
815 1634 901 1671 velimus

491 1706 603 1756 pervenire.

516 1845 556 1882 Sed
572 1845 593 1883 id
608 1857 676 1890 unum,
687 1845 802 1882 Hermesius
817 1844 876 1891 disit⁷
889 1858 902 1882 a

489 1917 569 1955 Fichtio
584 1918 648 1954 visum
662 1930 704 1954 nori
720 1928 776 1961 esse,
796 1917 812 1953 si
827 1929 900 1953 neces-

488 1989 536 2024 sitas
558 1987 601 2023 eius
623 1988 678 2039 qaod
702 1974 768 2025 icleale
791 1988 848 2025 unita
872 1989 900 2025 sit

489 2071 532 2093 curu
547 2058 667 2095 necessitate
687 2058 805 2111 (absoluta),
827 2060 900 2095 huius·

487 2128 541 2164 modi
550 2128 617 2164 ideale
627 2134 730 2179 tamquam
743 2129 798 2166 reale
812 2129 853 2166 sive
861 2143 897 2180 pro

486 2200 536 2235 reati
551 2211 593 2236 esse
609 2205 711 2250 oportere.

512 2707 591 2743 interea
610 2705 642 2742 aie
665 2707 691 2744 22
707 2706 823 2742 Decembris
843 2706 897 2742 eius-

487 2777 531 2814 dem
551 2776 599 2813 anni
620 2775 672 2813 1798
691 2782 793 2813 tonsuram
811 2776 897 2824 accepit,

485 2848 533 2885 dein
551 2847 632 2884 ordines
653 2849 740 2883 minores
759 2844 896 2882 subdiacona-

484 2926 582 2971 tumque3
605 2917 637 2954 die
652 2917 677 2954 16
690 2917 794 2953 Februarii
810 2929 827 2951 a.
844 2915 901 2972 1799*

483 2991 586 3041 presbyter
596 2994 722 3025 consecratus
732 2993 761 3024 est
769 2988 832 3026 titrrlo
840 2999 897 3025 merz-

483 3075 517 3101 sae
531 3061 632 3114 principis
647 3060 671 3095 ab
688 3062 768 3109 eo,.qui
785 3066 834 3110 tuuc
851 3062 896 3110 epi„

483 3145 553 3183 scopus
566 3132 588 3167 in
608 3130 699 3180 partibus
721 3137 741 3168 et
763 3122 896 3169 administra⁴

483 3210 514 3241 tor
535 3202 670 3253 episcopalis,
698 3209 769 3254 postea
788 3205 895 3256 episcopus
