1979 3399
345 77 346 81 ¹
388 22 429 95 '—
467 60 511 113 eo
543 83 577 95 -

58 200 176 261 losopbum
197 199 287 247 silentio
311 202 497 262 praetermittere.
535 198 652 248 Eiusmodi
677 203 711 245 est
727 198 764 244 ille
781 198 861 258 locus,
877 199 915 259 qui

57 281 140 341 legitur
161 281 184 326 in
205 278 366 327 dissertatione
389 283 418 328 de
440 282 547 328 methodo
564 287 607 328 etc.
623 293 675 344 pag.
693 283 714 331 9.
737 282 800 338 [Vol.
816 279 843 325 ll.
861 280 914 325 edit.

58 365 163 412 Francof.
184 365 272 423 roem:
295 365 377 424 ,Simul
399 379 427 411 ac
449 365 503 410 illud
526 364 650 410 studiorum
667 349 802 409 curriculum
818 360 914 417 absolvi,

58 459 103 507 quo
120 448 218 493 decurso
237 459 288 492 mos
311 450 347 494 est
368 447 393 491 in
414 445 551 491 eruditorum
567 458 682 491 munerum
704 444 823 504 cooptari,
847 442 915 502 plane

59 528 120 574 aliud
135 528 328 587 coepiccgitare.
360 528 402 572 Tot
419 518 484 572 euim
498 541 534 572 me
554 527 626 572 dubiis
643 531 719 584 totque
736 526 852 571 erroribus
870 525 915 569 im-

57 609 162 669 plicatum
179 621 231 653 esse
248 608 403 665 animadverti,
418 613 442 653 ut
458 620 536 653 ornnes
552 593 655 652 discendi
671 611 765 651 conatus
781 607 838 651 nibil
853 602 914 652 aliud

58 688 113 734 mibi
134 688 247 747 proluisse
268 688 407 746 iudiearem,
429 702 494 749 quam
512 688 574 748 qued
588 688 738 747 ignorantiam
754 700 826 731 meam
842 691 914 747 magis

58 769 176 829 magisque
192 769 348 815 detexissem.“
379 769 408 815 Et
421 769 488 828 paulo
505 774 569 829 post:
587 769 663 828 ,Quae
680 769 756 813 enada
772 768 826 812 mihi
842 769 916 814 auda-
938 788 940 791 ⁴

60 850 118 896 ciam
137 849 219 895 dabant
242 849 271 895 de
294 850 343 896 aliis
367 864 396 897 ex
416 865 453 895 me
477 850 605 906 iudicandi,
631 854 652 894 et
669 849 777 893 credendi
793 848 875 894 millam
891 851 915 894 in

58 930 141 977 mundo
165 931 285 987 scientiam
302 931 350 976 dari
373 931 404 977 illi
420 944 510 990 parem,
531 932 593 976 cuius
615 944 667 990 spes
690 931 750 975 facta
774 930 828 975 mihi
846 934 916 975 eratss

58 1011 87 1057 Et
108 1007 229 1071 praecipue
250 1025 302 1073 pag.
326 1013 363 1059 t:
384 1013 457 1072 „qued
482 1013 511 1058 ad
534 1026 573 1058 cas
597 1014 716 1071 opiniones
742 1012 834 1068 attinet,
860 1025 916 1070 quas

59 1105 104 1151 ego
120 1095 168 1151 ipse
185 1093 208 1137 in
225 1106 275 1138 eum
290 1106 362 1153 usque
384 1094 442 1139 diem
458 1093 545 1139 sueram
562 1093 692 1152 amplexus,
709 1093 764 1137 nibil
781 1093 860 1138 meiius
878 1093 916 1138 fa-

59 1185 113 1218 cere
125 1186 161 1217 me
172 1177 240 1231 posse
250 1173 383 1234 arbitrabar,
399 1187 464 1233 equam
480 1175 500 1220 si
519 1187 598 1220 onmes
614 1174 679 1220 simul
694 1178 717 1218 et
732 1172 802 1218 semel
814 1187 827 1219 e
841 1179 917 1219 mente

59 1266 109 1299 mea
127 1253 240 1312 delerem,
263 1259 287 1300 ut
310 1254 393 1300 deinde
415 1256 451 1301 vel
474 1256 530 1301 alias
553 1254 659 1300 meliores
682 1255 719 1300 vel
735 1258 797 1299 certe
816 1253 916 1309 easdem,

59 1334 100 1379 sed
123 1340 240 1394 postquam
257 1340 357 1381 mamrae
379 1337 472 1381 rationis
493 1349 588 1382 examen
610 1336 744 1391 subiissent,
762 1334 915 1379 admitterem:

59 1414 225 1475 credebamque
246 1413 291 1461 boc
311 1422 378 1474 pacto
399 1418 468 1476 longe
490 1417 569 1462 melius
592 1431 629 1462 me
653 1417 682 1462 ad
703 1418 771 1461 vitam
788 1415 913 1475 regendam

58 1507 127 1553 posse
142 1495 273 1553 informari,
289 1510 354 1555 quam
371 1498 390 1543 si
405 1498 489 1543 veteris
505 1497 602 1542 aedificii
622 1497 766 1543 fundamenta
784 1497 914 1553 retinerem,

58 1575 227 1633 iisque'tantum
241 1578 357 1636 principiis
372 1577 489 1634 inniterer,
505 1577 585 1635 quibus
600 1577 653 1621 olim
666 1574 770 1620 iuvenilis
781 1579 843 1619 aetas
855 1589 914 1632 mea,

58 1640 231 1715 nullo-unquam
249 1657 348 1701 adhibito
370 1657 474 1710 examine
494 1669 523 1701 an
546 1657 635 1701 veritati
652 1660 815 1714 congruerent,
832 1655 916 1700 credu-

56 1718 143 1781 litatem
160 1749 223 1781 suam
239 1736 376 1782 addixeratss
416 1735 482 1781 Adde
504 1737 597 1796 primam
613 1737 722 1795 regulam,
739 1749 804 1794 qnam
821 1737 845 1780 in
860 1749 916 1793 per-

59 1806 179 1863 scrutanda
202 1818 296 1862 veritate
318 1817 431 1862 Cartesius
456 1816 500 1863 sibi
520 1817 568 1876 ipse
585 1818 730 1877 praescripsit
743 1816 915 1876 religiosissime

59 1898 193 1943 servandam
211 1903 276 1957 atque
297 1898 333 1943 his
356 1899 433 1943 verbis
450 1910 580 1956 expressam
596 1911 647 1957 pag.
667 1898 710 1943 10:
735 1897 843 1955 ,Primum
859 1902 916 1953 erat,

58 1981 82 2022 ut
98 1976 153 2022 nibil
170 1991 266 2036 umquam
281 1978 349 2024 veluti
362 1991 439 2025 verum
454 1978 600 2036 admitterem,
615 1979 658 2024 nisi
674 1977 734 2037 quod
748 1982 809 2023 certo
826 1983 849 2023 et
864 1979 915 2023 evi-

59 2058 139 2103 denter
160 2045 238 2103 rerum
261 2072 312 2105 esse
336 2073 511 2119 cognoscerem,
535 2060 578 2104 boc
596 2066 637 2116 est,
654 2065 678 2104 ut
696 2072 784 2104 onmem
799 2060 913 2117 praecipi-

57 2139 149 2184 tantium
164 2144 229 2198 atque
245 2140 425 2198 anticipationem
437 2139 460 2183 in
478 2138 599 2183 iudicando
617 2138 788 2197 diligentissime
803 2140 911 2194 vitarem;

57 2208 156 2277 nihilque
172 2214 264 2278 amplius
279 2218 424 2264 conclusione
442 2217 610 2277 complecterer,
629 2232 693 2278 qumi
711 2220 772 2279 quod
786 2225 832 2266 tam
850 2221 912 2267 clare

5 2335 9 2339 .
58 2304 81 2345 et
98 2299 201 2346 distincte
217 2300 299 2345 rationi
315 2312 379 2345 meae
395 2303 490 2358 pateret,
507 2299 606 2344 utnulla
623 2300 690 2345 modo
708 2302 731 2345 in
748 2301 838 2349 dubium
855 2315 912 2361 pos-

57 2394 105 2427 sem
120 2385 252 2427 revocaret
285 2380 394 2426 Ostendat
408 2380 477 2441 igitur
494 2380 612 2426 Petronius
626 2382 649 2425 in
660 2382 688 2426 iis
697 2382 762 2440 locis,
780 2395 836 2442 quos
852 2382 911 2427 infra

57 2463 80 2507 in
105 2461 213 2507 curnulum
237 2473 266 2505 ex
289 2460 405 2507 Hermesio
431 2463 558 2521 congessit,
581 2462 657 2507 inesse
681 2465 828 2520 sententiam,
853 2477 910 2522 quae

57 2548 157 2601 apertum
174 2531 249 2598 faciat,
264 2541 425 2587 Hermesianae
437 2542 583 2588 dubitationis
600 2545 645 2588 vim
661 2550 683 2589 et
701 2550 802 2590 naturam
819 2545 909 2588 omnino

56 2622 122 2667 aliam
140 2635 191 2667 esse
204 2627 270 2681 atque
280 2622 431 2671 Cartesianae.
463 2624 572 2684 Adiungit
583 2625 695 2670 Cartesius
711 2639 762 2685 pag.
780 2627 832 2671 liu:
849 2626 908 2684 „Nec

55 2705 169 2748 tamenin
186 2714 213 2747 eo
230 2703 346 2761 Scepticos
361 2703 470 2761 imitabar,
488 2705 525 2765 qui
542 2705 642 2750 dubitant
657 2710 740 2751 tantum
758 2711 781 2751 ut
799 2707 906 2761 dubitent,

56 2789 79 2828 et
101 2790 191 2843 praeter
218 2783 398 2830 incertitudinem
421 2786 491 2843 ipsam
514 2786 569 2831 nibil
591 2792 707 2844 quaerunt.
748 2788 803 2832 Nam
827 2790 906 2830 contra

55 2869 115 2911 totus
136 2867 160 2911 in
182 2878 209 2911 eo
232 2878 307 2921 eram,
331 2871 356 2911 ut
377 2867 459 2926 aliquid
480 2869 536 2913 certi
555 2869 694 2927 reperirem3
716 2873 738 2912 et
758 2866 907 2926 quemadmo-

56 2944 171 2992 dumfieri
195 2946 269 3001 solet,
286 2958 335 2991 cum
351 2950 374 2992 in
392 2961 489 2993 arenoso
512 2949 561 2994 solo
583 2949 727 3004 aedificatur,
746 2953 791 2991 tarn
807 2947 851 2992 alte
868 2948 907 2993 so-

56 3022 110 3068 dere
133 3027 247 3083 cupiebam
268 3029 291 3069 ut
312 3026 402 3071 tandem
426 3026 555 3072 ad'saxum
577 3028 613 3072 uel
636 3029 664 3072 ad
687 3027 787 3087 argillam
799 3030 907 3088 perveni-

55 3110 124 3148 1·em.“
167 3106 268 3151 Proierat
296 3113 427 3165 argumenta
455 3109 587 3166 Petronius,
617 3108 695 3165 quibus
724 3107 833 3168 liquidum
856 3110 905 3165 fiat,

54 3183 193 3233 Hermesium
217 3187 345 3245 dubitasse,
368 3192 391 3233 ut
413 3189 538 3248 dubitaret,
561 3202 606 3235 non
627 3194 651 3233 ut
674 3195 760 3236 certum
781 3191 904 3251 inveniret,

739 3283 755 3331 3
