1979 3399
378 114 582 165 ..109„„

40 236 128 314 impius,
144 259 204 300 serto
224 254 246 300 iri
263 256 323 315 epm
349 255 407 315 quod
432 255 571 314 Theologioe
587 253 676 299 Doctor
692 251 715 295 in
740 248 837 307 collegio
855 249 904 295 uo-

42 346 109 379 mano
127 335 150 378 in
162 347 230 379 causa
243 336 377 395 grauissima
393 335 454 391 feeit,
471 335 512 379 sed
525 333 627 393 exernpio
642 330 760 392 proposito
776 332 904 373 monstrare

40 413 117 471 votuit,
135 427 193 472 qrrae
208 415 288 472 placita
305 414 372 460 alicui
389 413 467 473 affingi
483 417 591 471 possent,
613 414 632 459 si
651 413 700 472 quis
716 400 904 470 irrrp1·obeagero

39 492 113 538 veliet.
146 494 247 538 Perronii
264 507 334 551 opera
350 495 394 537 iam
409 492 513 536 effectum
529 497 571 550 est,
587 497 611 537 ut
627 492 753 550 exemplum
769 503 783 535 a
798 489 902 535 Rousso-

41 576 78 617 vio
90 575 230 630 propositum
242 586 434 631 superuacaneum
449 571 566 616 rideatur:
583 587 633 616 nam
646 573 705 631 quod
718 572 767 630 ipse
783 571 901 629 prompsit,

40 653 92 697 ida
114 652 272 696 Roussaviano
289 651 376 708 differt,
401 651 588 709 (promadmortum
611 653 696 696 veritas
719 666 731 697 a
756 652 855 709 fictione,
871 651 900 696 ab

42 734 120 779 umbra
138 732 220 777 lumen.
264 732 412 779 Nihilominus
438 733 480 778 isto
495 732 624 789 Porronius,
647 734 685 791 qui
708 731 736 776 arl
757 732 898 777 Hermesium

40 813 228 873 prosternemlum
253 813 326 857 nudus
348 813 410 857 venit
427 817 449 857 et
465 812 573 870 inermis⁷
597 812 656 856 nulla
671 812 802 871 cognitione
819 824 903 867 rerum,

41 893 100 938 nulla
117 898 285 938 transmontana
304 894 407 938 doctrina
431 898 539 949 ornatus,
564 891 605 937 sed
632 893 660 936 iis
682 892 815 950 turpissimis
834 893 902 937 annis

43 978 148 1030 armatus,
161 974 241 1031 qrribus
254 974 286 1018 uti
301 974 391 1019 divinae
405 973 469 1033 leges
485 978 507 1017 et
516 972 628 1018 huuranae
641 977 725 1030 vetant,
739 972 797 1018 haee
806 973 900 1018 scribit:

133 1053 272 1111 „Antequam
289 1053 318 1098 ad
333 1053 392 1098 hano
409 1066 502 1111 operam
519 1052 666 1109 accederem,
692 1053 827 1098 documenta
852 1053 904 1111 qui-

133 1131 176 1177 bus
193 1132 354 1191 adprobanda
372 1146 429 1192 quae
443 1133 567 1178 scriberem
586 1144 642 1190 opus
659 1132 782 1191 videretur,
802 1132 903 1192 diligen-

132 1212 219 1257 tissime
239 1213 363 1271 acquisivi,
384 1218 408 1257 ut
431 1212 487 1257 nihil
505 1212 652 1270 affirmarem,
679 1214 723 1258 nisi
751 1212 810 1272 quod
835 1214 903 1258 certis

133 1290 285 1337 fundamentis
302 1293 418 1338 niteretur.
451 1292 496 1339 Sed
519 1305 568 1336 cum
589 1293 661 1352 probe
679 1293 766 1352 sciam,
783 1306 832 1339 eam
851 1307 903 1340 esse

135 1379 237 1418 naturam
248 1374 452 1429 oonnnentatiouis⁷
469 1373 540 1430 qumis
557 1372 614 1417 haec
631 1377 673 1430 est,
689 1378 713 1417 ut
730 1375 823 1419 crebras
841 1376 901 1420 cita-

134 1453 208 1497 tiones
225 1454 334 1511 repudiet,
351 1466 410 1497 nunc
427 1453 515 1511 quidem
526 1452 671 1511 acquiescere
689 1465 718 1496 eo
736 1453 818 1511 debeo,
835 1458 859 1500 ut
874 1455 902 1500 iis

135 1532 245 1588 munitius,
262 1533 299 1590 qui
315 1532 372 1576 haec
389 1531 581 1590 perlustrarorint‚
599 1544 735 1588 croseuerom,
753 1536 826 1579 onmia
844 1548 902 1593 (puae

137 1612 213 1656 insunt
237 1624 267 1655 ex
287 1611 336 1655 iulis
363 1610 462 1655 inutilius
485 1611 553 1669 petita
579 1623 638 1655 esse.
672 1611 758 1665 Quonst
782 1614 902 1672 atirprando

136 1691 266 1736 conducere
280 1690 400 1747 uidebitur,
418 1704 473 1749 opus
494 1689 555 1748 [puod
571 1690 615 1735 iarn
633 1690 741 1736 inchoare
759 1705 832 1739 eonor
849 1695 901 1739 col-

134 1770 207 1831 ligere
222 1770 385 1830 eoiteotumque
400 1770 477 1828 edere,
495 1776 541 1815 tum
559 1770 706 1825 doournerztu,
722 1773 754 1817 ud
770 1786 828 1831 poue
843 1787 900 1831 spe-

135 1856 196 1895 otont
214 1851 422 1909 pertentaturum
441 1856 533 1895 emenso
552 1851 713 1909 ciirttinpuutn

100 1930 248 1976 Nihilominus
271 1933 382 1990 interpres
403 1932 543 1976 Tlreodiseus
567 1933 763 1979 commentationis
778 1934 902 1979 Petronia-

41 2021 84 2052 nae
105 2011 209 2055 eximiam
232 2011 350 2055 scientiam
367 2011 450 2065 iactat,
476 2024 542 2069 quarn
558 2012 680 2057 Perrouius
696 2026 725 2057 ex
741 1997 902 2059 secretioribus

41 2090 118 2146 spatiis
136 2090 227 2149 collegii
241 2089 336 2134 Romani
354 2089 438 2134 dehac
456 2090 604 2148 quaestione⁷
622 2104 664 2149 qua
681 2092 751 2149 patria
767 2098 845 2137 nostra
859 2107 901 2137 ve-

40 2169 157 2214 hementer
173 2174 350 2225 commoveatur,
366 2168 408 2213 sibi
423 2170 583 2226 parauer·it‚.et
601 2174 729 2214 accuratam
741 2172 840 2215 celebrat
853 2172 899 2216 hu-

40 2249 75 2294 ius
90 2249 124 2293 rei
142 2248 308 2308 cognitionem,
332 2261 390 2306 (puae
406 2248 491 2292 Rornae
509 2248 616 2305 obtineat.
642 2249 661 2293 Ο
677 2250 782 2294 miseram
798 2251 900 2309 Romam⁷

40 2329 78 2373 ubi
95 2328 163 2373 homo
179 2328 246 2385 vivit,
267 2327 337 2385 quatis
355 2333 390 2372 est
405 2328 541 2372 Petronius!
557 2329 662 2374 miseram
680 2330 801 2377 ecclesiam
820 2332 902 2377 entho-

41 2407 121 2466 tiemn,
137 2408 243 2453 miseram
258 2408 386 2454 ueritatem!
410 2407 429 2453 si
446 2413 468 2453 te
484 2408 605 2454 Perronius
622 2409 772 2470 erutgfandam
788 2418 810 2458 et
825 2413 901 2459 vindi-

43 2489 137 2550 candam
153 2488 255 2534 habehit!

219 2687 355 2736 Perronios
371 2687 435 2735 idem
452 2691 492 2749 qui
512 2685 724 2749 tttepscoeuteras.

104 2822 147 2867 Vix
173 2821 280 2882 explicari
304 2828 394 2880 posset,
426 2824 538 2882 rprourorto
570 2823 689 2867 Petronius
718 2826 777 2867 tmrta
803 2821 899 2867 aerituoia

43 2896 86 2945 hoo
113 2902 194 2948 furtum
218 2903 357 2947 conunittere
374 2917 442 2948 ausus
459 2905 502 2961 sit,
525 2905 567 2948 nisi
586 2903 709 2959 sciremus,
731 2900 827 2946 eundem
844 2907 897 2948 ante

44 2990 132 3038 (proque
154 2983 177 3027 in
200 2982 235 3027 his
263 2980 381 3027 doctrinae
406 2985 491 3042 eampis
522 2982 658 3042 praedonem
687 2980 757 3025 fuisse
779 2987 801 3026 et
824 2984 898 3031 adhue

44 3057 131 3117 impune
155 3062 316 3107 nobilissimam
341 3061 400 3107 hano
424 3064 646 3120 liberalissinrauupre
669 3066 899 3110 artemexorouisso.

44 3135 76 3180 Eo
95 3142 155 3186 enim
175 3144 199 3187 in
219 3141 267 3187 dies
288 3140 397 3187 audacior
418 3142 489 3187 sactus
513 3142 540 3187 art
564 3141 665 3185 facinora
685 3141 758 3201 magis
782 3147 900 3206 magisque

45 3218 164 3266 temeraria
181 3233 316 3282 progressus
334 3225 375 3266 est.
406 3222 461 3269 Nam
480 3236 530 3267 eum
547 3220 660 3266 hominem
675 3222 838 3273 Protostantom
854 3229 898 3272 im-
