1979 3399
415 86 617 138 -aar-

93 227 208 274 reamini
230 225 447 281 tradiderunt,
471 240 547 272 rrecno
569 226 605 272 cb
620 227 944 287 it'so‘cclpere‘potur‘t.

91 309 238 356 Nihilominus
254 306 297 351 hac
314 306 370 353 falsa
388 308 506 368 relatione,
522 307 566 354 hoo
583 312 676 369 procaci
694 311 813 357 mendacio
828 315 872 356 tam
888 311 945 358 hor-

92 391 178 438 rihilern
195 390 362 435 accusationem
378 387 488 436 adversus
504 388 646 449 professores
656 377 806 451 superstruit‘l
820 389 872 436 Post
883 390 946 436 eius-

91 471 153 517 modi
166 469 289 516 relationes
306 470 425 515 Perronius
442 477 516 531 tamen
534 471 635 517 scrihere
653 486 666 516 a
682 485 707 517 se
725 472 864 532 impetrauit:
880 484 945 529 „sese

92 552 147 600 nihil
164 551 297 610 affirmasse,
312 552 357 598 uisi
371 553 432 612 quod
448 553 517 599 certis
533 552 683 599 fundamentis
699 554 827 600 niter·etur.“
866 552 946 598 Enim-

92 647 149 681 vero
166 635 187 680 si
201 634 322 680 Pcrronius
337 647 450 695 nunquam
465 635 510 679 nisi
523 634 546 678 in
562 633 605 679 hac
627 634 676 679 sola
691 647 717 680 re
734 639 812 680 eorrtra
829 634 946 679 veritatem

91 721 219 777 peccasset,
235 716 279 762 hoc
296 716 383 763 lacinus
398 729 465 761 unum
482 713 611 774 sufficeret,
630 721 657 761 ut
678 716 698 761 is
720 716 748 762 ah
771 714 873 761 omnihus
888 725 946 759 con-

92 793 225 844 temnendus
242 796 406 856 designaretur.

92 1008 225 1056 Declarata'o
248 1006 376 1065 Elearcichii
398 1006 486 1053 ditonis
506 1006 674 1052 utrioersolihus
699 1006 837 1067 Atrpustonia
860 1007 947 1053 {rasorio

321 1088 362 1136 ΝΥ.
380 1091 419 1137 66.
437 1090 451 1133 7
468 1089 503 1134 die
520 1088 598 1135 illontia
613 1103 635 1135 o.
653 1089 721 1139 1839.

153 1225 192 1283 ,ln
216 1222 291 1270 libello
316 1237 387 1283 nuper
402 1223 539 1270 Ratishonae
559 1223 663 1284 evulgato
687 1229 710 1269 et
732 1238 761 1270 eu
777 1225 852 1272 Italica
870 1226 947 1287 lingua

91 1304 219 1352 tlreodtsce
237 1312 357 1362 converso,
368 1304 405 1350 cui
420 1303 489 1350 index
505 1304 555 1363 ,Ad
569 1304 877 1352 citatoriumllaruaestammat
893 1321 948 1366 spes

93 1385 178 1431 eiuratio
199 1383 225 1430 P.
242 1383 262 1430 I.
279 1382 384 1431 Pera-coil
407 1397 420 1430 e
440 1397 489 1430 soc.
513 1384 557 1430 les.
573 1388 629 1444 part.
649 1390 668 1433 l.
701 1402 721 1448 p.
739 1389 768 1435 37
785 1403 819 1451 sq,
842 1389 870 1435 de
893 1389 946 1436 fulci

91 1466 249 1527 professione,
266 1478 280 1512 a
294 1465 426 1526 professore
441 1464 539 1512 Braunio
559 1470 584 1515 et
596 1478 633 1512 mc
649 1471 789 1529 composita,
811 1472 908 1518 refertur
923 1476 946 1517 et

91 1549 121 1596 ad
138 1563 188 1594 eam
204 1549 330 1594 accuratius
346 1545 496 1593 denotandam
505 1546 562 1592 haee
579 1546 701 1595 adduntur:
719 1550 863 1611 ,declaratio
874 1537 945 1612 *quarn

89 1632 227 1691 proposituri
243 1636 322 1688 erant,
344 1628 447 1676 obscuris
465 1629 640 1687 aequivocisque
655 1632 730 1678 verius
747 1634 871 1693 composita
888 1639 945 1692 erat,

89 1715 114 1760 in
130 1726 218 1772 eaque,
244 1714 345 1772 quamtus
361 1716 431 1770 tecte,
446 1713 528 1757 rtt'uftoc
545 1725 575 1756 cc
590 1711 658 1771 frola-to
675 1712 821 1770 erroneisque
836 1713 945 1760 <doctrinis

89 1796 194 1852 inerant,
221 1805 279 1853 quac
301 1793 325 1837 in
341 1796 435 1838 auctore
451 1805 528 1837 earum
543 1792 708 1838 condemnatae
724 1798 795 1839 sunta
826 1794 890 1840 Haec
905 1808 946 1840 re-

77 1877 144 1924 'latio
159 1876 261 1924 Perronii
276 1886 368 1935 prorsus
385 1874 442 1920 falsa
458 1879 499 1919 est.
523 1874 642 1920 Professor
656 1874 764 1920 Braunius
781 1879 803 1920 et
820 1887 864 1935 ego
882 1876 944 1921 eius-

90 1959 151 2004 modi
167 1957 220 2003 frdei
233 1957 399 2017 professionem
415 1967 433 2001 s.
446 1953 622 2001 declarationem
635 1968 681 2001 non
691 1957 865 2015 co'rnposuimus,
881 1957 947 2003 eius-

89 2037 152 2084 modi
168 2037 325 2083 documentum
341 2036 456 2095 cognitum
473 2047 520 2079 non
538 2033 660 2093 hahemus,
678 2050 705 2082 ac
720 2050 749 2082 ne
763 2036 877 2083 minimum
894 2038 946 2098 qui-

89 2119 141 2165 dem
157 2120 206 2166 eius
223 2132 236 2163 a
252 2118 319 2164 nohis
336 2117 461 2177 profectum
475 2121 516 2163 est.
548 2116 624 2163 Habes
642 2130 724 2162 novum
740 2117 864 2178 exeruplum
876 2132 946 2178 prae-

89 2206 124 2246 ter
139 2214 181 2259 ea,
202 2210 260 2259 quac
282 2197 367 2243 diurnis
383 2197 546 2244 uniuersalibus
569 2198 663 2258 aliisque
686 2198 771 2245 diurnis
792 2200 944 2257 innotuerunt,

89 2284 195 2338 quantum
209 2278 262 2324 fidei
279 2277 407 2323 hahendam
425 2278 453 2323 sit
468 2278 512 2335 iis,
534 2264 593 2335 quae*
606 2276 725 2340 Porronius
742 2280 836 2326 affirmat
852 2288 885 2340 [p.
903 2282 943 2339 SJ:

90 2373 155 2419 ,sese
172 2361 248 2405 omnia
266 2372 296 2404 ex
311 2358 360 2404 fidis
377 2359 475 2404 fontibus
492 2358 608 2417 hausisse,
631 2372 715 2406 summa
739 2362 853 2421 diligentia
873 2376 944 2424 argu-

90 2446 166 2487 menta
181 2439 312 2485 neccssaria
328 2440 371 2484 sibi
386 2441 541 2497 acquisivisse,
557 2446 581 2484 ut
595 2440 651 2484 nihil
667 2447 816 2501 asseveraret,
830 2444 874 2489 nisi
883 2445 943 2504 quod

91 2523 160 2568 certis
182 2519 332 2567 fundamentis
354 2519 482 2564 nite1·etur.“
512 2518 578 2564 llulta
601 2519 644 2564 alia
665 2519 702 2567 hic
725 2524 818 2583 omitto,
840 2540 898 2585 quae
919 2528 943 2573 in

90 2603 191 2649 Perronii
208 2600 403 2648 dissertationibus
420 2614 433 2645 a
450 2601 544 2646 veritate
563 2600 690 2661 abhorrent,
707 2609 772 2664 atque
787 2607 876 2652 interim
887 2620 943 2667 pro-

91 2695 150 2729 uoco
169 2682 198 2728 ad
213 2684 307 2742 primam
323 2687 408 2742 partem
427 2681 565 2728 defensionis
581 2697 660 2740 meae,
676 2683 733 2744 quae
748 2687 816 2733 modo
832 2689 855 2734 in
869 2688 942 2737 lucem

89 2765 186 2825 prodiit:
208 2760 437 2812 ilrienirnnonnulla
454 2759 590 2808 alermum
608 2763 679 2809 relata
699 2763 750 2810 luce
769 2780 812 2826 qua
833 2781 890 2827 opus
908 2774 942 2814 est

90 2844 246 2890 illustrantur·.“

699 2926 737 2972 Dr.
753 2927 909 2976 Elvenich.
