1979 3399
431 75 634 128 -roo-

263 215 380 263 Essemss

101 298 143 336 tuit
156 303 224 336 tamen
244 320 270 327 —
292 322 314 329 -
333 295 444 335 calumnias
459 295 517 333 Kar„

102 369 133 406 tio
146 371 222 414 illatas,
234 369 276 406 viro
291 373 331 403 tam
346 369 469 418 praestantis
486 369 517 405 in-

103 429 170 490 genii,
190 441 226 490 qui
246 438 308 476 uitam
331 440 366 475 uui
387 439 447 477 ideae
469 453 517 477 con-

104 511 229 561 sumpsisset,
244 522 311 560 aequo
326 512 395 548 animo
411 511 470 549 ferre.

139 633 280 671 Infirmitatem
302 634 447 686 philosophiae
465 636 531 679 lion<

104 704 179 752 tianae,
194 705 209 741 si
226 704 251 742 ad
267 705 422 744 fundamentum
439 713 520 756 specta-

105 776 171 821 veris,
185 776 300 813 Hermesius
315 778 335 812 in
344 789 368 815 eo
380 778 465 828 positam
478 789 520 813 esse

106 847 214 893 intellexit,
230 846 285 899 quud
301 848 397 893 Kantius,
415 848 450 897 qui
464 847 520 883 altir-

106 924 178 964 maret,
192 931 203 954 a
218 918 345 956 nobissensu
357 907 441 955 externo
454 919 520 954 onmia

107 989 129 1025 in
143 989 221 1040 spatio,
240 990 320 1025 interno
340 989 406 1024 onmia
428 988 449 1024 in
469 994 520 1024 tern-

110 1072 160 1110 pore
181 1059 271 1111 adspici,
296 1060 355 1097 simul
377 1059 521 1104 contenderet,

109 1130 198 1179 spatium
217 1137 238 1167 et
252 1136 331 1181 tempus
350 1130 404 1169 nihil
423 1117 521 1167 essebur

107 1200 188 1249 formas
201 1201 341 1247 subiectione,
360 1214 412 1253 quae
426 1214 467 1239 non
483 1202 522 1238 nisi

110 1271 131 1308 in
147 1272 247 1318 subiecto,
262 1273 318 1325 quod
333 1274 438 1320 intuetur,
455 1279 521 1311 easta-

110 1349 162 1382 rent.

135 1464 201 1503 Etiam
221 1462 321 1504 Fichtium
344 1468 415 1520 magni
437 1468 522 1509 Herme-

111 1537 153 1574 sius
169 1539 300 1586 aestimarit,
320 1550 407 1590 eumque
424 1551 467 1576 esse
484 1553 523 1589 pu·

113 1609 170 1653 tavit,
185 1609 219 1658 qui
234 1608 387 1660 philosophiam
402 1610 522 1648 [lautianaru

111 1679 195 1716 omnino
215 1681 310 1717 sustineri
327 1693 368 1718 non
386 1667 446 1731 posse
464 1693 523 1718 naon-

112 1751 213 1788 straverit.

153 1871 244 1910 Dolehat
266 1871 396 1918 llerrnesius,
424 1871 524 1910 Fichtium

114 1943 227 1995 aliquando
251 1944 272 1980 in
292 1943 314 1990 id
333 1943 404 1979 vitium
423 1943 525 1989 incidisse,

115 2019 138 2051 ut
152 2013 246 2052 adversus
260 2027 345 2059 onmes,
360 2015 395 2067 qui
408 2022 477 2052 contra
492 2015 524 2052 di-

114 2085 202 2131 xissent,
223 2085 368 2132 contenderet,
387 2099 443 2123 suam
457 2085 525 2136 philo-

114 2156 207 2208 sophiam
222 2158 246 2193 ab
264 2158 305 2194 illis
326 2170 385 2208 prave
401 2158 525 2195 intellectam

114 2240 165 2274 esse,
179 2234 215 2266 aut
229 2229 316 2278 intelligi
330 2242 356 2266 ne
370 2242 428 2277 posse
443 2229 525 2281 quidem

116 2301 240 2351 eosdemque
255 2297 280 2336 ad
289 2312 367 2336 omnem
375 2298 526 2351 philosophiam

117 2370 173 2407 haud
196 2378 255 2422 aptos
281 2370 351 2408 videri.
397 2371 527 2421 Quapropter

118 2442 235 2479 liermesius
260 2447 281 2477 et
299 2442 329 2477 'in
353 2442 527 2492 praelectionibus

118 2513 160 2549 suis
179 2518 200 2549 et
214 2513 235 2550 in
249 2512 307 2549 libris
327 2523 350 2547 ea
370 2517 448 2549 tantum
467 2523 528 2560 opera

119 2583 194 2620 Fichtii
211 2583 344 2634 respiciebat,
364 2595 416 2634 quae
433 2583 528 2620 multitu-

117 2653 162 2692 dini
175 2654 279 2709 destinata
293 2643 351 2692 erant
365 2666 429 2704 eoque
445 2654 529 2690 consilio

117 2725 180 2772 edita,
197 2733 219 2764 ot
232 2725 324 2764 homines
339 2725 364 2762 ad
376 2724 529 2773 intelligendam

117 2789 269 2850 philosophiam
284 2799 326 2835 eins
335 2801 464 2846 cogerentur,
474 2808 530 2831 snm-

118 2871 160 2921 psit
179 2869 245 2915 enim,
269 2883 290 2907 se
312 2881 394 2922 quoque
419 2880 443 2904 ea
462 2879 530 2903 revera

118 2941 257 2986 intellexisse,
277 2954 329 2993 quae
349 2947 431 2978 auctore
452 2936 530 2975 Fichtio

120 3011 214 3049 omnibus
229 3014 333 3065 perspicua
350 3026 393 3050 esse
408 3016 517 3063 oporteret,

149 3134 171 3168 ln
184 3134 216 3172 liis
231 3134 289 3175 libris
309 3151 356 3189 prae
375 3136 446 3175 ceteris
466 3135 531 3184 magui

122 3203 181 3243 duxit
201 3217 261 3257 quem
281 3209 317 3246 ilie
338 3207 362 3249 de
384 3206 531 3249 Destinatiorze

678 216 807 262 Perrouius.

554 296 666 347 appellavit
678 308 701 333 ac
715 298 824 349 praecipue
837 291 981 350 praedicarit,

554 366 610 418 quod
623 367 638 405 is
648 373 711 404 totam
726 370 787 406 uitam
806 383 861 407 suam
877 371 914 406 urai
925 370 966 407 soli

555 433 613 476 ideae
626 437 719 478 dicasset.

583 632 651 670 Nihilo
674 633 739 670 minus
757 633 871 669 llerrnesius
894 633 966 682 opina.-

557 708 589 739 tus
603 709 639 749 est,
654 716 698 741 sese
717 705 831 755 primarium
850 703 918 739 llantii
938 715 968 739 or-

557 785 622 810 rorem
657 773 662 777 “

558 1197 657 1249 informis
670 1198 790 1237 sutircrivis
804 1196 968 1249 deprehendisse.

600 1478 704 1515 Praeterea
726 1477 825 1515 Fichtium
848 1468 869 1514 in
885 1478 967 1515 coelum

560 1548 654 1586 laudibus
671 1549 730 1597 tulit,
745 1550 780 1601 qui
792 1562 817 1586 se
828 1549 894 1586 iudice
908 1550 970 1601 probe

560 1620 728 1666 demonstrasset,
748 1620 900 1671 philosophiam
915 1624 970 1659 itan·

561 1692 634 1727 tianam
651 1691 746 1727 sustiueri
762 1686 802 1729 non
816 1704 881 1741 posse.

564 2362 671 2399 Auditores
687 2374 732 2399 suos
747 2361 772 2398 ad
788 2375 811 2399 ea
826 2362 899 2400 Fichtii
913 2376 974 2414 opera

566 2433 657 2478 remisit,
677 2446 728 2482 quae
748 2434 765 2469 is
781 2435 844 2471 serius
861 2434 975 2484 scripsisset

566 2504 632 2553 iisque
653 2502 716 2541 editis·
730 2504 805 2554 priora¹
817 2510 838 2541 et
858 2506 919 2555 paulo
937 2505 975 2543 ob-

566 2573 653 2609 scuriora
676 2575 763 2611 lumine
774 2576 926 2623 collustrasset3
947 2576 975 2612 ita

566 2643 702 2690 allaboravit,
726 2652 749 2683 ut
766 2645 867 2682 auditores
890 2643 976 2683 suosad

566 2716 700 2766 cognitionem
720 2716 861 2768 philosophiae
879 2717 922 2754 eius
938 2716 975 2755 viri

566 2786 660 2825 traheret.

596 3159 643 3197 Prae
658 3156 730 3195 ceteris
753 3158 831 3207 egregie
852 3155 977 3196 commenda«
