1979 3399
384 139 442 147 .-
480 106 534 161 sos
572 134 606 143 -

80 248 217 294 aestimaturi
232 251 315 304 essent,
331 259 383 290 num
400 246 442 305 ipsi
458 259 511 291 sese
526 248 647 291 aestimare
662 249 775 312 possent?
795 248 823 293 Et
833 251 935 308 prolecto

19 349 23 355 .
82 330 161 375 multos
171 342 231 385 esse,
244 341 323 373 omnes
333 341 385 375 esse
393 329 553 376 Hermesianos
562 329 618 386 scio,
632 329 669 388 qui
678 318 832 374 lubentissime
841 332 937 377 conlite-

78 414 162 467 renlur,
179 410 199 454 si
210 422 265 454 vere
281 410 383 455 confiteri
398 415 498 468 possent.
519 410 575 455 Nam
588 414 704 455 extremae
717 414 752 455 cst
761 409 866 455 stultitiae
877 424 936 456 eon-

77 493 134 542 iiten
146 491 214 547 nolle,
232 492 292 550 quod
307 496 331 537 ut
341 492 470 539 confitearis
484 491 538 537 nihil
549 491 629 549 obstat,
642 490 825 548 eorrlrterinolle,
842 491 862 536 si
876 505 935 536 coo-

79 572 149 617 fcssio
160 572 188 617 ad
198 571 287 617 laudem
295 571 386 617 valebit.
419 572 446 618 Et
460 585 515 618 vero
525 572 582 618 haee
592 572 685 617 tentatio
696 570 818 616 confitendi
828 583 875 616 uon
883 575 935 617 eri-

78 666 122 712 gua
138 658 179 697 est.
214 654 384 701 lolestumsane
394 661 434 715 est,
451 655 553 700 homines
571 668 690 713 perperam
706 655 734 698 de
751 659 772 698 te
789 654 880 710 sentire,
891 653 935 699 do-
959 653 960 669 ³

77 731 115 789 let,
131 732 267 781 clamoribus
285 736 396 781 continuis
414 736 520 792 onerari,
535 734 626 790 lacessi,
646 717 712 795 quum
727 735 822 779 liberum
838 739 860 778 te
882 747 935 779 esse

79 813 139 858 scias
151 814 255 876 nullaque
270 817 334 877 culpa
351 819 478 863 oneratum!
511 817 555 866 lam
573 830 628 862 uero
642 831 694 877 spes
710 819 737 862 iis
747 818 884 876 propositae,
898 819 935 877 qui

79 894 124 940 hoc
133 896 219 942 lacinus
231 898 368 956 admiserint,
378 901 415 959 qui
424 899 503 946 lalsum
513 901 666 945 testimonium
674 898 833 959 perhibuerint.
849 898 935 943 Trans-

80 978 148 1037 l'ugae
169 993 258 1039 semper
280 994 337 1042 quae
359 981 402 1026 sibi
424 981 487 1027 utilia
504 986 581 1027 essent
601 981 662 1026 nacti
682 985 748 1037 sunt,
765 980 813 1025 lere
830 980 934 1038 praemiis

81 1074 171 1119 semper
187 1063 261 1106 ornati
278 1067 336 1107 sunt.
367 1062 396 1107 Et
410 1068 504 1121 quantas
527 1062 645 1107 illecebras
661 1061 730 1106 habet
751 1061 836 1118 locus‚-
854 1066 935 1105 aucto-

80 1142 150 1197 ritas,
174 1142 233 1200 apud
252 1149 342 1188 exteras
363 1144 468 1188 nationes
482 1139 571 1188 'nomen
595 1157 661 1201 quion
685 1142 746 1187 domi
762 1143 883 1187 detestatus
900 1155 934 1198 es,

81 1228 177 1280 quantae
194 1222 315 1268 illecebrae
332 1223 423 1268 nomine
440 1223 565 1282 subscripto
582 1237 630 1267 cum
650 1221 759 1267 Feneloae
773 1223 822 1266 viro
837 1221 936 1266 sanctis-

79 1304 137 1347 simo
165 1304 271 1361 corrtponi
294 1309 316 1348 te
339 1317 420 1362 posse,
443 1305 543 1363 quamvis
561 1317 610 1347 cum
628 1302 665 1347 illu
683 1303 738 1360 tihi,
764 1304 832 1348 veluti
849 1305 935 1361 pastori

80 1381 228 1437 Bintcrimio,
252 1383 306 1428 nihil
327 1397 445 1430 commune
466 1385 508 1442 sit,
522 1384 566 1428 nisi
582 1384 640 1428 liaeo
659 1384 812 1443 subscriptio,
837 1387 932 1442 quantas

78 1464 197 1510 illecebras
212 1464 279 1510 babet
294 1466 441 1525 exspectatio,
461 1465 511 1511 lore
526 1471 595 1511 ut-
610 1450 642 1500 -ss
657 1466 705 1510 -l

138 1545 203 1590 Falsa
223 1559 324 1592 errorum
345 1547 490 1592 confessione
515 1560 567 1593 sese
586 1549 657 1606 ipsum
674 1546 848 1592 contaminatum
866 1543 933 1588 enlri-
968 1580 970 1583 ,

77 1624 140 1683 bere,
158 1625 188 1683 id,
204 1628 391 1685 quemadmodum
408 1628 525 1674 Stattlerus
541 1628 609 1686 dicit⁷
625 1642 671 1674 non
691 1633 725 1673 est
741 1625 846 1672 indicium
865 1626 933 1669 animi

78 1705 190 1752 submissi.
223 1707 281 1751 Huic
297 1708 320 1751 in
344 1710 404 1752 veris
421 1710 505 1753 nostris
523 1709 583 1753 uitiis
603 1710 658 1753 satis
674 1709 802 1753 occasionis
820 1705 849 1749 ad
866 1719 934 1750 exer-

81 1785 212 1831 citationem
230 1788 264 1832 sui
281 1793 383 1846 paratum
401 1793 449 1845 est3
473 1794 495 1833 et
517 1801 560 1848 ego
584 1788 657 1844 addo,
680 1787 738 1842 illam
760 1787 872 1832 actionem
888 1800 934 1832 non

46 1929 49 1931 ,
78 1879 130 1910 esse
148 1881 177 1911 ex
191 1867 315 1913 humililate
331 1868 455 1926 oriundam,
473 1868 515 1913 sed
531 1882 582 1913 esse
601 1868 766 1914 subtilissinmm
782 1869 816 1913 sui
832 1867 933 1913 liaudcm

79 1951 101 1990 et
117 1946 293 2005 simulationem,
319 1949 347 1993 ad
366 1963 431 2008 qrraun
447 1949 607 1994 addiscendam
625 1951 707 1994 Fenelo
726 1954 804 1994 tumtur
819 1955 842 1994 et
858 1953 931 2008 magi-
959 1936 962 1945 Σ

80 2032 126 2071 ster
142 2040 194 2072 esse
211 2029 295 2073 nemini
316 2034 409 2087 potest·
428 2028 486 2076 Sed'
499 2043 538 2074 cur
554 2043 600 2074 non
620 2029 693 2074 dicam
710 2029 769 2087 quod
784 2030 873 2085 sentio,
892 2043 932 2095 cur

78 2121 124 2151 non
141 2108 213 2152 fatear
229 2122 264 2153 me
281 2109 347 2168 plane
364 2108 490 2169 intelligere
506 2123 553 2155 non
569 2123 645 2169 posse,
661 2123 700 2154 cur
716 2110 870 2154 Hermesianis
886 2110 932 2154 Fc-

79 2188 167 2232 nelonis
188 2189 312 2246 exernplum
336 2196 467 2248 opponatur.
500 2191 555 2235 Nam
578 2189 629 2234 ride
635 2205 641 2245 3
667 2190 750 2234 Fenelo
772 2196 810 2235 ant
831 2192 866 2236 vir
882 2194 933 2236 exi-

78 2268 136 2312 mius
155 2272 177 2311 et
194 2268 313 2328 theologus
330 2269 469 2315 orthodoxus
486 2270 581 2315 liabetur
596 2276 633 2314 aut
651 2284 698 2315 non
712 2270 814 2316 liabetur.
846 2274 869 2320 Si
886 2289 933 2319 non

77 2348 182 2405 liabetur,
198 2354 260 2393 certe
282 2349 403 2394 absurdum
426 2355 475 2406 est,
500 2350 661 2395 liermesiauos
684 2350 713 2395 ad
733 2350 793 2395 illum
817 2354 931 2413 ablegare.

78 2427 102 2473 si
118 2431 192 2470 autem
208 2428 228 2471 is
245 2427 354 2484 liabetur⁷
371 2430 477 2486 quivere
496 2435 543 2485 est,
557 2443 634 2474 rursus
651 2429 793 2477 absurditatis
809 2445 932 2491 argumen-

78 2511 123 2554 tum
138 2512 181 2553 est.
211 2507 267 2552 Nam
281 2507 374 2565 primum·
391 2507 492 2551 omnibus
508 2509 545 2566 qui
556 2507 698 2570 liistoiiarum
717 2510 812 2569 aliquam
829 2513 930 2558 notitiam

78 2576 178 2643 liabent,
204 2592 308 2633 constare
324 2586 397 2648 debet,
416 2600 506 2632 causam
524 2587 692 2634 Hermesianam
714 2591 778 2637 aliam
796 2605 847 2638 csse
864 2598 930 2652 atoue

78 2673 120 2717 luit
135 2671 262 2726 Fenelonis.
291 2670 357 2718 llaec
378 2673 451 2713 autem
468 2668 498 2712 ita
515 2675 641 2729 comparata
658 2675 693 2715 cst
709 2676 746 2729 ut,
762 2674 781 2718 si
798 2675 929 2732 postulator,

78 2758 101 2798 ut
122 2752 263 2797 Hermesiani
284 2751 313 2796 ad
329 2750 394 2795 huius
418 2748 542 2806 ereinplun
566 2764 617 2795 sese
635 2750 770 2810 sublimant,
787 2752 830 2797 illis
846 2755 869 2799 id
886 2760 930 2799 tum

79 2834 167 2878 demum
178 2834 288 2891 integrum
299 2832 339 2888 sit,
353 2833 372 2876 si
384 2830 499 2875 doctrinas
512 2830 668 2889 condemnent,
686 2838 788 2891 tanquam
800 2834 929 2880 haereticus

79 2918 189 2974 inliciant,
209 2931 263 2975 quas
278 2930 373 2975 magnus
393 2914 573 2974 archiepiscopus
590 2916 760 2962 Cameracensis
777 2917 825 2974 ipse
847 2916 930 2973 docuit,

78 3001 97 3043 si
115 3012 154 3044 eas
171 2998 285 3043 doctrinas
301 2998 412 3053 reiiciant,
428 3000 519 3055 propter
533 2981 589 3056 piros
607 3012 620 3042 a
636 3000 726 3043 nerriine
743 2996 779 3041 ille
796 2997 839 3041 iam
855 2997 930 3055 impu—

79 3082 166 3136 gnatur.
205 3077 233 3123 Ut
253 3079 351 3137 ingenue
378 3078 465 3133 fatear,
489 3076 571 3122 Fenelo
596 3083 657 3122 arcte
685 3078 819 3123 constrictus
843 3083 930 3124 tenetur

78 3154 158 3200 iisdem
175 3156 201 3199 iis
221 3156 348 3213 erroribus7
366 3158 385 3201 si
402 3168 492 3200 errores
509 3161 576 3213 sunt,
598 3157 627 3201 ob
645 3171 701 3215 quos
717 3158 845 3210 llennesius
861 3173 929 3218 prae⁹²

79 3237 144 3295 cipue
161 3233 275 3280 damnatus
292 3241 332 3281 est.
365 3235 448 3281 Fenelo
469 3235 559 3280 astrudem
572 3236 687 3282 atritione
700 3237 761 3283 attint
776 3239 852 3286 laudat
864 3255 930 3301 uuam
