1979 3399
373 68 576 119 -lssb-⁴

48 208 155 254 tutionem
173 212 336 268 retractarem,
362 210 421 270 quod
437 224 477 270 pro
502 211 594 256 arbitrio
616 221 668 255 inco
686 208 764 253 facere
780 219 816 253 me
831 219 900 266 pesse

50 304 78 335 ex
95 290 142 349 ipsa
159 291 192 334 rei
207 295 287 336 natura
305 296 404 348 constat3
421 292 463 337 scel
474 293 571 351 ingenue
589 292 632 336 iam
649 290 688 336 tibi
697 323 705 345 ,
721 290 756 334 vir
772 288 902 334 venerande

49 382 180 430 sunnnoqne
194 372 245 417 loco
262 375 327 429 nate,
350 371 415 416 etiam
436 370 537 415 confiteri
555 368 644 430 debeo,
662 385 698 416 ine
716 375 767 415 tunc
785 370 808 415 in
826 369 902 414 vitium

49 450 170 508 incidisse,
193 463 236 495 uec
255 450 359 496 debuisse
375 463 472 508 unquam
488 450 673 508 committerent
694 456 754 496 metu
770 450 901 505 uiolentiae,

50 544 197 591 quaecunque
214 531 302 582 deinum
318 531 417 577 adbibita
434 530 526 587 luisset,
544 531 572 576 ael
588 533 766 579 substitutionem
782 534 841 579 illam
860 531 904 577 ael-

53 613 156 659 ducerer.

111 693 188 751 ltaque
214 691 273 750 rpuorl
291 692 343 737 olim
365 697 388 738 te
412 691 441 738 acl
457 691 574 737 dioecesin
590 692 789 739 blonasterienscm
805 693 904 738 Ι1111111111-

51 772 165 820 stramlam
182 771 293 830 substitui,
310 772 332 816 id
348 785 390 831 per
406 771 465 817 baec
482 771 613 816 solemniter
627 785 694 817 omne
710 778 821 831 retracto,
838 775 906 818 item-

51 867 95 914 que
112 858 212 899 retracto
230 857 363 912 potestatem
381 866 394 897 a
411 865 447 897 me
463 852 492 897 ad
508 852 625 898 facultates
641 854 818 912 quinquennales
836 868 906 900 exer-

52 935 137 981 cendas
153 935 193 979 tibi
211 933 350 992 impertitam.
388 932 456 978 Simul
473 932 582 989 declaro,
603 933 664 992 quod
688 939 710 979 te
725 941 804 993 sponte
820 936 906 980 intelli-

51 1030 107 1077 gere
123 1016 234 1071 arbitror,
250 1015 277 1059 ab
295 1014 339 1059 boc
355 1015 461 1073 temporis
475 1018 588 1059 momento
605 1014 660 1059 nihil
677 1015 736 1074 quod
754 1020 825 1060 ratum
841 1015 907 1059 sitin

52 1096 227 1143 administranda
245 1096 346 1141 dioecesi
362 1095 535 1140 blonasteriensi
551 1094 643 1139 decerni
661 1100 712 1139 ate
730 1108 816 1154 posse,
841 1100 909 1153 teque

52 1191 118 1238 rogo,
133 1182 157 1223 ut
173 1183 195 1221 et
211 1176 349 1234 impressum
365 1174 427 1235 illud,
446 1188 489 1235 quo
507 1175 626 1221 facultates
642 1175 694 1221 milri
711 1176 753 1221 soli
770 1177 904 1223 commissae

53 1259 202 1316 eontinentur,
219 1257 279 1316 quod
295 1270 339 1316 ego
357 1257 396 1302 tibi
412 1256 440 1302 ad
456 1261 557 1315 tempus,
578 1269 621 1315 qno
638 1258 669 1302 nii
684 1270 781 1316 posses,
804 1269 908 1302 comino-

54 1341 112 1397 davi,
126 1345 148 1385 et
164 1338 272 1399 quidquid
288 1337 410 1383 litterarum
432 1337 460 1382 ael
478 1336 543 1382 liuius
560 1337 672 1383 dioecesiS
690 1338 907 1384 administrationem

53 1423 208 1481 pertinentium
224 1422 273 1466 sire
289 1418 348 1478 apud
365 1424 387 1464 te
403 1422 437 1463 cst
453 1419 501 1463 sire
518 1418 546 1463 ad
564 1422 585 1463 te
604 1419 706 1476 venerit,
722 1418 800 1463 adme
817 1419 907 1464 mittere

53 1503 117 1550 velis.

142 1609 148 1622 --
171 1582 346 1641 (Subscriptum)
362 1580 465 1627 Clemens
481 1581 538 1627 liber
552 1583 608 1627 baro
625 1582 708 1628 Dresia
722 1582 746 1627 in
761 1581 905 1640 Visclrering,

238 1664 341 1708 l'iearins
358 1662 450 1721 Capituli
469 1663 583 1722 generalis
599 1661 811 1721 11181111111111111113.α

67 1872 68 1876 ¹
119 1817 239 1865 Perronius
255 1817 303 1876 ipse
321 1821 432 1876 testatur,
455 1816 591 1876 Spiegelium
611 1814 639 1860 ab
658 1815 702 1862 hoe
717 1821 819 1876 tempore
836 1816 910 1863 absti-

56 1900 132 1944 nuisse
147 1899 174 1943 ab
192 1899 252 1944 cinni
268 1898 469 1956 amministratione,
486 1897 605 1957 omniaque
618 1896 678 1942 bona
693 1911 749 1957 pace
759 1899 909 1957 processisse.

117 1979 162 2026 Sed
179 1979 259 2024 eodem
277 1985 377 2039 tempore
393 1979 496 2024 Viearius
513 1978 626 2037 generalis
643 1978 671 2024 de
687 1980 784 2036 Dresia,
807 1980 834 2025 iis
851 1992 909 2039 qnae

57 2065 109 2105 ante
127 2065 205 2120 egerat
220 2060 276 2104 mire
290 2072 427 2118 repugnans,
439 2058 561 2117 Capitulum
571 2058 763 2117 Metropolitanum
780 2059 840 2118 quod
856 2064 910 2104 tnnc

57 2145 105 2185 erat
122 2151 247 2198 agnoscere
264 2137 359 2195 posthac
379 2136 513 2189 reeusavibs
538 2136 638 2194 Capitale
665 2152 720 2183 sane
736 2140 815 2184 mirum
835 2139 909 2185 rideri

57 2219 140 2277 debuit,
159 2232 183 2264 se
200 2219 227 2263 ab
242 2218 287 2264 hoc
302 2219 392 2264 Vicario
409 2219 519 2280 gerrerali,
535 2224 652 2277 postquam
667 2221 687 2265 is
703 2233 744 2278 per
762 2219 818 2266 duos
835 2233 908 2265 annos

57 2301 159 2346 omnibus
177 2301 201 2345 in
216 2299 285 2346 rebus
299 2306 424 2360 agnoverat
441 2299 565 2359 Capitulum
580 2306 684 2359 tanquam
698 2301 837 2362 legitimum,
863 2304 908 2348 iarn

57 2382 129 2428 subito
145 2381 265 2440 repudiari.
312 2381 430 2427 Constituit
446 2382 569 2441 Capitulum
587 2371 682 2442 rpratuor
698 2384 747 2430 illas
764 2386 909 2443 quaestiones

57 2465 119 2520 viris,
135 2477 191 2523 quos
209 2469 260 2508 ante
272 2464 442 2522 nominavimus,
459 2463 487 2509 ad
502 2465 683 2524 respondendum
698 2478 832 2524 proponere.
849 2466 907 2510 Baro

58 2544 86 2589 ‹le
100 2545 182 2590 Droste
203 2558 280 2590 mense
297 2546 420 2604 Septembri
447 2545 507 2591 1814
522 2546 570 2604 ipse
586 2546 679 2591 Romam
704 2547 747 2591 iter
772 2551 909 2605 susceperat,

58 2629 137 2676 statum
153 2626 265 2671 eeclesiae
280 2626 464 2671 llonasterieusis
481 2627 542 2671 solus
560 2615 709 2685 enposuerat,
725 2640 845 2685 coramque
860 2627 910 2671 Ro-

59 2718 108 2750 rnae
124 2705 199 2751 Brcee
215 2707 390 2766 impetraverat,
416 2721 459 2767 quo
482 2708 598 2768 probatum
620 2709 660 2752 ivit
668 2721 732 2766 quae
748 2714 799 2753 ante
816 2708 843 2752 ab
860 2708 909 2765 ipso

60 2793 124 2842 gesta
141 2801 192 2832 esse
208 2788 388 2833 memoravimus.
407 2817 437 2822 —
453 2789 562 2834 llirumne
579 2787 651 2832 rideri
667 2792 763 2846 poterat,
780 2787 799 2831 si
818 2787 910 2845 Capit-u-

59 2865 103 2911 lum
118 2869 146 2912 iis
164 2882 220 2927 quae
235 2868 271 2912 ille
287 2869 421 2914 moliebatur
439 2870 579 2924 occurrebat,
599 2868 618 2912 si
633 2869 746 2925 monebat,
762 2867 835 2913 Breve
853 2868 908 2915 illud

61 2947 130 2992 altera
146 2955 209 3008 parte
223 2961 270 2992 non
286 2949 361 2995 audita
377 2952 527 3010 conscriptum
544 2963 601 3006 esse,
618 2949 719 2994 ordinem
735 2949 783 2993 eius
799 2951 833 2995 rei
849 2950 910 3010 legi-

60 3028 133 3073 timum
149 3043 196 3074 nou
212 3030 354 3074 observatum
370 3044 429 3090 esse,
445 3046 523 3077 verum
539 3037 617 3078 statum
633 3030 726 3088 Capituli
738 3030 907 3091 ,bletropolitaui

60 3107 243 3157 illonasteriensis
261 3110 346 3155 Romae
364 3113 478 3172 cognitum
496 3125 541 3157 non
559 3124 627 3165 esse,
658 3113 678 3156 si
699 3116 770 3158 totam
784 3113 843 3158 banc
859 3128 909 3158 rem

61 3189 91 3233 ad
106 3203 213 3238 sumnuun
231 3191 356 3252 pontificem
376 3194 465 3242 deterre
484 3194 594 3242 volebat?
625 3193 721 3240 Ubinam
736 3197 760 3241 in
775 3195 810 3242 liis
828 3200 909 3241 aucto-
