1979 3399
364 68 563 121 -coo-

212 211 238 250 Ut
253 210 373 251 delabuntur
388 225 457 249 omues
473 215 585 261 expetunt,

210 284 253 319 Nec
268 282 341 320 desunt
354 284 375 320 in
389 283 426 318 hac
441 282 490 318 urbe
506 282 582 330 optima

212 351 252 402 Qui
269 358 291 389 ut
304 352 428 390 descendant
441 364 511 388 manus
527 350 636 409 porrignat.

35 544 111 592 False
127 543 209 591 relata
231 543 380 592 oPerrom'o
396 572 421 579 —
441 544 471 590 eie
487 545 690 603 interpretatione
705 540 898 590 libroramHor-

82 627 86 632 '
101 626 172 670 mesti
189 648 218 657 —
243 624 273 670 be
290 622 399 672 Broaaio
416 628 441 670 et
455 622 599 670 Elaenicbto
617 620 805 684 professoribus
827 623 860 669 ad
875 637 896 670 s.

97 709 194 764 patrem
206 705 323 750 admissis
340 732 370 738 -
386 705 416 750 de
433 717 545 750 sermone
562 703 593 749 ab
610 704 649 749 bis
663 717 717 749 eum
735 703 761 749 Ρ.
772 702 894 749 Perrooto

95 780 185 828 bobtto.
206 807 236 815 -
254 780 413 829 Etremicbr'as
431 785 455 827 et
473 779 610 827 Perrantas
632 809 663 816 -
684 783 715 829 de
735 783 893 830 distinctione

98 862 162 906 iaris
178 864 203 906 et
219 859 291 918 faeti.
310 887 340 894 -
358 859 493 907 Perrootas
512 863 598 918 operte
620 859 736 922 loquitar.
764 887 794 894 —
819 860 897 908 Fatse

98 938 181 984 relata
203 952 219 984 a
239 937 368 986 Perroaio.
394 965 424 973 -
450 937 478 985 ls
493 951 583 999 papam
598 943 738 987 comtemnit.

94 1085 165 1142 Supra
180 1085 225 1129 iam
244 1085 404 1130 constitueram
419 1085 528 1144 relirpuun
544 1085 601 1142 iter,
626 1098 691 1131 anie
709 1087 791 1131 comite
808 1088 892 1133 Perre-

33 1163 71 1208 uio
89 1163 223 1221 faciendum,
239 1176 305 1222 quam
320 1164 369 1208 fieri
383 1169 462 1222 posset
481 1164 599 1209 celerrime
622 1166 742 1211 conficere.
774 1167 894 1213 Nihilomi-

33 1256 75 1288 nus
92 1243 159 1288 video
176 1257 212 1288 me
236 1256 249 1289 a
265 1244 373 1288 Perronio
394 1243 418 1288 in
433 1244 513 1289 multos
530 1242 596 1288 locos
610 1244 701 1289 minime
717 1259 826 1292 amoenos
841 1261 894 1292 ser-

32 1325 106 1369 monis
122 1324 254 1369 deversorio
273 1324 410 1380 abductum,
432 1325 506 1368 sentio
523 1323 587 1368 tarde
609 1336 645 1369 nie
666 1337 812 1383 progressum
829 1339 890 1383 esse,

33 1409 69 1460 et,
95 1404 115 1449 si
141 1404 240 1461 respicio
264 1404 324 1448 vlam
346 1408 503 1461 peragratam,
526 1402 600 1448 denuo
621 1408 654 1448 tot
675 1403 830 1461 praeiudicia,
855 1411 888 1450 tot

34 1498 104 1542 prave
128 1483 240 1528 intellecta
257 1488 294 1528 aut
310 1483 368 1527 male
386 1483 481 1539 detorta,
497 1488 531 1527 tot
548 1483 571 1527 in
587 1484 658 1528 maius
675 1488 739 1527 aucta
756 1487 794 1529 aut
810 1497 889 1541 parum

34 1563 100 1621 plene
126 1561 214 1617 relata,
237 1566 270 1607 tot
291 1574 396 1619 errores,
412 1567 445 1606 tot
470 1574 561 1607 crassos
584 1567 622 1607 aut
642 1562 736 1607 subtiles
757 1565 887 1621 corruptio-

32 1654 74 1685 nes
97 1641 171 1685 denuo
189 1640 243 1685 mibi
260 1644 398 1695 occurrunt,
414 1644 439 1684 ut
459 1645 510 1697 apte
534 1640 562 1685 ab
579 1641 642 1685 initio
659 1641 759 1700 incipere
775 1647 890 1702 totamque

31 1718 189 1781 viarnbenuo
212 1718 316 1777 relegere
336 1718 428 1776 possim.
468 1718 578 1776 Equidem
602 1721 697 1764 iteratae
722 1719 786 1765 huius
807 1723 889 1766 messis

32 1803 76 1843 tam
88 1797 153 1857 largi,
170 1798 259 1856 opinor,
276 1810 341 1856 ipram
358 1797 442 1856 primae
459 1801 581 1856 proventus
597 1797 679 1843 forent.
707 1799 751 1845 Sed
767 1812 820 1843 num
835 1814 888 1845 rur-

31 1891 70 1923 sus
95 1878 123 1922 ab
151 1877 214 1921 initio
238 1877 361 1934 incipiam?
385 1877 431 1933 Ha,
447 1876 572 1922 molestiam
589 1877 654 1923 huius
670 1878 754 1936 operae
770 1883 889 1937 tantopere

30 1958 112 2013 sentio,
128 1961 152 2000 ut
167 1956 257 2000 nonnisi
274 1956 400 2014 aegerrime
418 1955 454 1999 vel
478 1961 531 2000 tunc
547 1957 570 1999 id
588 1957 677 2001 consilii
693 1959 846 2016 susciperem,
867 1961 887 2004 si

29 2036 135 2093 patientia
151 2034 244 2079 lectoris
265 2033 379 2077 confidere
396 2045 495 2090 possem.
526 2033 612 2078 Etenim
629 2036 652 2080 in
669 2049 720 2081 mea
736 2049 804 2080 causa
821 2038 888 2094 plane

29 2115 53 2160 id
69 2115 157 2171 sentio,
175 2113 236 2172 quob
253 2114 348 2170 scriptor
364 2111 576 2158 Franco-Gallicus
596 2113 624 2157 de
645 2113 703 2158 libro
726 2115 800 2172 atiquo
819 2116 886 2161 dicit:

29 2193 208 2252 ,Entreprendre
225 2205 268 2236 une
280 2191 402 2235 refutation
413 2191 469 2235 c'est
481 2191 634 2249 s'embarquer
647 2191 703 2236 dans
719 2205 763 2237 une
779 2206 828 2238 mer
844 2194 886 2238 des

30 2273 163 2331 sophismes.
196 2272 239 2315 Les
258 2270 332 2325 saisir,
348 2269 382 2313 les
399 2282 511 2327 euposer,
535 2272 606 2314 seroit
620 2271 654 2314 les
672 2271 769 2328 refutem
784 2274 841 2318 mais
858 2274 886 2318 ils

30 2356 129 2410 nagent,
148 2350 205 2395 dans
219 2361 249 2393 un
265 2348 295 2392 tel
311 2347 357 2392 tlux
373 2351 401 2391 et
412 2347 499 2404 rethur,
521 2348 548 2393 ils
569 2362 599 2393 en
621 2354 673 2394 sont
695 2352 715 2395 si
733 2351 778 2396 fort
795 2353 888 2409 incude,

30 2431 97 2487 qu'on
114 2442 140 2473 se
157 2428 210 2473 noie
227 2439 255 2471 en
266 2426 359 2471 roulant
374 2425 408 2471 les
424 2431 504 2471 mettre
522 2440 550 2471 en
570 2434 632 2473 sec.“
662 2429 779 2476 Eiusmodi
794 2433 888 2489 pericu-

31 2508 75 2552 lum
93 2506 185 2564 quidem
200 2519 247 2550 non
264 2506 352 2563 subibo,
367 2504 409 2550 sed
424 2507 498 2563 potius
514 2518 608 2552 secruus
624 2509 646 2553 in
663 2510 700 2554 uia
716 2524 779 2566 mea,
795 2511 848 2555 licet
866 2516 888 2555 et

30 2598 111 2644 aspera
128 2590 150 2629 et
174 2585 244 2629 ardua
268 2591 291 2629 et
310 2587 377 2643 plena
401 2587 516 2643 spinarum
540 2587 584 2644 sit,
608 2588 742 2645 progrediar
760 2592 782 2631 et
797 2590 885 2633 minora

31 2665 105 2710 omnia
121 2663 302 2721 praetermittens
319 2663 394 2708 denuo
408 2666 500 2709 nonnisi
519 2664 630 2721 proniora
645 2667 760 2723 respicere
777 2667 886 2712 conabor.

92 2744 177 2802 Pagina
201 2743 231 2787 35
254 2742 374 2787 Perronius
398 2744 489 2799 scribit,
511 2743 605 2800 „ubique
625 2754 666 2799 pro
691 2747 753 2787 certo
776 2745 886 2789 creditum

30 2822 109 2881 fuisse,
126 2827 188 2867 certe
204 2822 316 2867 communi
332 2822 440 2879 opinione
457 2822 591 2880 divulgatum
607 2832 670 2876 esse,
693 2821 743 2865 fore
759 2827 784 2866 ut
801 2836 813 2866 a
829 2835 886 2879 pro·
910 2830 912 2834 “

29 2902 155 2948 fossoribus
170 2902 267 2947 Braunio
284 2905 306 2944 et
316 2899 447 2945 Elveniebio
458 2902 536 2946 Latina
552 2899 706 2957 interpretatio
723 2911 815 2958 operum
825 2902 886 2946 Her-

30 2980 95 3026 masii
105 2979 197 3023 Romam
210 2978 346 3022 atteri·etur.“
378 2977 401 3023 Si
411 2978 456 3022 hoc
466 2978 547 3034 ubique
563 2987 603 3033 pro
618 2981 680 3021 certo
694 2978 803 3022 creditum
815 2985 884 3036 esset,

31 3059 93 3101 oresti
108 3057 131 3101 id
147 3071 192 3102 non
210 3057 292 3111 debuit,
311 3070 360 3100 cuin
373 3057 432 3100 nulla
448 3055 553 3101 credendi
566 3068 632 3099 causa
647 3056 763 3112 suimsset3
781 3058 800 3101 si
819 3071 884 3103 comm

32 3139 104 3183 saunis
122 3137 198 3196 opinio
224 3136 267 3180 hoe
292 3135 397 3191 dixisset,
422 3136 498 3180 elicere
515 3146 561 3178 non
579 3132 669 3186 rtoluuit,
690 3133 810 3195 propterea
827 3139 887 3196 quaa
