1979 3399
429 76 633 129 -Qso-

110 218 134 264 in
153 213 335 275 eorieupiscentia
351 214 447 274 positam
464 215 621 274 existimasse,
643 216 663 263 si
684 217 736 277 quis
757 218 824 264 ettam
841 233 883 267 suo
898 223 967 282 ipsius

113 301 197 348 iudicio
214 297 309 343 eredere
325 296 395 355 notit,
418 298 460 344 sed
475 301 631 345 auctoritatem
648 298 772 358 suspicioni
787 313 833 346 non
847 302 968 350 obnoxiam

113 381 176 440 sequi
192 379 265 436 malit,
279 380 299 424 is
316 384 378 425 certe
395 378 441 426 hoo
457 381 536 427 credat
553 380 619 426 Petro
634 380 770 440 Lemborde,
787 395 806 427 s.
821 381 968 431 Beneuentu-

110 476 153 507 rue
167 466 234 521 atque
251 459 431 518 eorebrtotortbus
447 461 596 521 confessionis
611 460 765 522 A'ttqatstonoe.

173 544 257 602 Nempe
275 542 351 601 opinio
368 541 493 625 Augusting
512 555 558 587 non
581 542 680 589 solitaria
703 549 752 602 est,
776 557 822 592 non
847 558 896 590 eum
918 546 968 605 ipso

111 629 198 670 mortua
218 629 260 682 est,
275 624 304 668 ad
319 629 421 682 tempora
439 624 597 683 subsequentia
612 630 735 685 propagata
752 631 793 672 est.
809 626 889 671 Petrus
899 626 969 672 Lom-

112 706 207 761 bordus,
221 703 328 763 cooptatae
345 703 519 759 Sententiarum,
536 717 586 750 eain
604 705 732 765 adoptavit,
749 706 820 753 sretus
835 710 969 754 auctoritaie

112 787 250 847 Augustini,
279 790 303 831 et
317 790 410 844 quanta
433 790 633 832 commentatorum
655 788 727 834 nubes
749 802 800 835 erun
822 796 900 836 secuta
921 791 968 836 esti

111 869 207 916 Libuit
223 872 319 914 sentent.
336 867 386 914 dist.
402 866 432 912 32
448 867 485 914 iile
500 866 590 914 scribit:

159 950 359 1010 „Quoniamsupra
377 947 491 1006 (ansteo)
509 949 648 1004 dictumest,
668 946 965 1008 originaiepeceatumesse

112 1033 189 1078 uitium
207 1032 405 1091 concupiscentiae
420 1032 602 1091 assignatumque
614 1031 727 1089 quomodo
743 1031 903 1090 aparentibus
919 1037 969 1078 tra-

112 1115 178 1160 batur
195 1119 218 1159 et
235 1113 347 1175 originale
365 1112 463 1175 dicatur,
486 1117 590 1171 superest
604 1113 742 1173 investigare
757 1113 870 1171 quomodo
886 1115 910 1159 in
926 1114 969 1160 ba-

114 1198 196 1256 ptismo
219 1195 340 1241 (liinittatur
356 1208 405 1240 cum
423 1195 491 1240 etiam
506 1198 558 1253 post
574 1194 706 1253 baptismum
723 1199 839 1248 remaneat
858 1196 969 1254 coiieupi-

112 1279 211 1334 scentia,
230 1290 289 1337 quae
305 1280 357 1321 aitte
374 1277 453 1322 suerat.
485 1276 549 1320 Unde
566 1275 654 1320 videtur
670 1275 706 1319 vei
722 1280 840 1334 peccatum
858 1277 969 1336 originale

114 1373 162 1405 non
179 1372 231 1405 esse
249 1356 473 1416 concupiscentiam,
492 1355 527 1400 vel
542 1368 589 1400 non
605 1355 687 1401 remitti
702 1357 724 1401 in
740 1356 861 1415 baptismo.v
896 1358 971 1404 blanet

111 1441 203 1500 quippe,
217 1443 241 1485 ut
258 1441 289 1485 ait
304 1439 450 1498 Augustinus,
468 1439 491 1483 in
510 1450 611 1495 corpore
621 1439 699 1483 inertis
714 1437 780 1484 huius
797 1439 893 1485 carinatis
911 1453 969 1485 eon-

117 1522 271 1581 cupiscentia,
294 1523 357 1566 euius
379 1519 467 1564 vitiosis
488 1518 608 1564 desideriis
628 1531 680 1584 non
697 1518 791 1565 obedire
807 1521 968 1579 praecipimur:

117 1616 176 1664 quae
193 1607 267 1647 tamen
287 1602 478 1660 conscupiscentia,
494 1600 594 1660 quotidie
609 1602 714 1645 minuitur
730 1601 754 1645 in
771 1602 969 1660 proficientibuset

115 1684 288 1731 continentibus.
306 1683 350 1729 Sed
360 1683 414 1727 lieet
429 1686 545 1727 remaneat
563 1682 746 1741 eoncupiscentia
762 1688 814 1741 post
828 1684 969 1743 baptismum,

47 1774 49 1776 ·
114 1771 246 1811 noiatamen
263 1764 389 1809 dominatur
399 1768 421 1807 et
429 1768 510 1822 regnat
521 1763 578 1808 sieut
594 1768 658 1808 ante:
675 1764 742 1808 immo
758 1777 799 1823 per
816 1766 910 1824 gratiani
925 1766 970 1812 ba-

116 1847 193 1905 ptismi
207 1845 320 1903 mitigatur
335 1849 358 1889 et
373 1843 477 1888 minuitur
491 1846 515 1888 ut
530 1847 581 1902 post
598 1844 707 1889 dominari
716 1858 761 1890 non
773 1844 853 1903 valeat,
868 1847 911 1892 nisi
920 1850 969 1907 quis

115 1926 199 1972 reddat
215 1926 276 1970 vires
292 1925 353 1971 hosti
369 1924 443 1970 erindo
459 1930 510 1984 post
527 1926 730 1985 eoireupiseentias.
761 1927 809 1973 Neo
827 1932 879 1986 post
893 1928 969 1986 bapti-

118 2020 190 2054 smum
198 2010 300 2052 reinanet
308 2005 336 2051 ad
345 2011 439 2063 reatuin,
451 2007 557 2066 quianon
567 2008 685 2065 imputatur
694 2007 717 2052 in
727 2013 852 2067 peecatum,
868 2008 909 2054 sed
918 2014 970 2054 tan-

117 2093 245 2148 tumpoena
255 2087 394 2148 peecativest,
411 2091 462 2132 ante
478 2087 610 2146 baptismum
625 2101 691 2146 vero,
706 2101 781 2148 poena
798 2095 833 2135 est
849 2095 870 2134 et
886 2089 970 2149 euipa.“

177 2169 262 2215 Theses
279 2169 426 2214 Colonienses
441 2168 568 2226 postulant,
589 2174 613 2214 ut
635 2170 692 2215 haee
709 2169 811 2215 doetrina
826 2168 887 2215 Petri
904 2170 970 2215 Lean.

115 2252 182 2297 bardi
198 2252 317 2308 otiaretur,
333 2251 451 2309 postulant,
464 2254 488 2295 ut
504 2263 532 2296 ea
550 2251 651 2296 doctrina
661 2255 766 2309 tanquam
777 2250 902 2296 acatholica
912 2265 969 2296 con-

117 2334 241 2389 demnetur,
258 2345 323 2391 quam
340 2333 374 2376 uir
391 2331 488 2390 ingentis
497 2332 634 2377 auctoritatis
643 2332 797 2376 auctoritatem
804 2332 922 2391 Augustini
930 2347 970 2378 se-

117 2418 181 2457 cutus
198 2418 221 2456 et
236 2425 308 2469 paene
324 2411 462 2467 iisdemque
480 2411 516 2455 itte
533 2412 609 2456 verbis
625 2424 678 2456 usus
693 2412 768 2468 tradit,
787 2412 921 2459 etPerrenio
932 2414 969 2459 af-

117 2493 219 2538 firmante
232 2491 289 2535 baec
306 2489 408 2534 doctrina
423 2491 446 2533 in
458 2490 524 2534 Brevi
541 2491 619 2534 srnnrni
634 2491 745 2549 pontificis
763 2492 910 2540 condemnata
926 2502 967 2541 est.

176 2573 264 2618 Petnnn
287 2570 436 2616 Lombarduin
459 2570 483 2624 in
507 2568 632 2616 defiinienda
654 2577 735 2618 natura
755 2575 844 2633 peceati
865 2577 968 2635 origina-

116 2654 144 2700 lis
168 2654 229 2699 multi
252 2667 282 2698 ex
305 2649 518 2696 eonnnentatoribus
544 2653 592 2696 eius
615 2655 686 2699 secuti
712 2659 777 2713 sunt,
799 2656 868 2701 ueluti
881 2656 967 2701 Heort-

115 2749 155 2780 eus
188 2732 365 2786 Gerrrdoeense's,
395 2729 518 2788 Gregorius
545 2730 712 2792 Ariadnenat's,
738 2734 836 2780 Ioannes
863 2735 967 2794 Drr'edo,

71 2806 73 2808 ¹
114 2817 162 2873 aiii,
187 2830 215 2860 ex
233 2814 311 2874 quibus
326 2826 394 2857 trinum
412 2825 429 2856 s.
448 2811 626 2857 Bonaventuram
642 2815 811 2874 sagacissimum
836 2816 966 2876 theologum

57 2911 60 2918 ’
114 2897 158 2942 hoe
178 2897 230 2940 ideo
257 2893 406 2939 consulemus,
449 2890 547 2935 Laurea
571 2893 671 2941 Sentent.
696 2895 745 2940 dist.
760 2895 790 2941 30
818 2902 858 2941 art.
876 2898 890 2941 2
908 2911 966 2943 con-

114 2978 184 3022 etusio
210 2976 238 3020 ad
261 2975 351 3028 Quaest.
369 2972 398 3017 l.:
419 2972 456 3017 An
472 2976 587 3029 peceatum
604 2974 714 3033 originale
730 2977 759 3019 sit
776 2977 966 3035 concupiscentia,

115 3058 171 3101 haee
189 3055 335 3100 exhibentur:
352 3053 481 3111 ,Peccatum
500 3052 662 3110 originaieest
678 3046 860 3114 eoricupiscentia
881 3050 966 3106 secun-

116 3135 167 3179 dum
184 3135 244 3191 quod
260 3135 283 3178 in
300 3147 325 3178 se
349 3131 431 3177 eiaudit
454 3130 543 3176 debitae
566 3133 661 3178 iustitiae
683 3136 819 3194 carentiam,
840 3123 884 3197 quo
906 3154 965 3186 con-

114 3214 251 3281 cupisoentia
276 3226 300 3259 se
323 3213 391 3258 habet
418 3226 458 3271 per
480 3211 568 3284 meduna
595 3213 690 3260 habitus.
714 3245 743 3251 -
770 3217 826 3262 Dum
843 3222 964 3278 quaeritur,
