1979 3399
414 91 540 143 -—‘tco
578 114 616 126 -··

92 231 285 294 comprehendere
305 244 352 277 non
374 218 470 289 possis?
497 229 555 283 Quid
575 242 631 274 vero
656 240 735 273 orrrnes
762 229 852 286 spiritns
877 233 947 277 creati

90 327 146 373 prae
163 327 190 357 eo
214 316 283 369 sunt,
302 312 339 369 qui
356 317 391 356 cst
408 326 421 356 a
437 325 462 357 se
480 313 547 371 ipso?
569 311 687 357 Cherubim
706 314 728 355 et
744 309 858 367 Seraphim
875 311 947 355 vnltus

93 408 147 440 suos
164 394 272 453 obtegunt
290 398 342 438 erite
358 394 498 438 maiestatem
521 394 569 438 eius
586 394 622 451 epiri
639 405 755 451 supremus
772 396 820 447 est,
835 396 858 435 ει
874 392 893 435 is
911 391 948 435 l'a-

92 477 137 520 ciat
148 476 268 534 quidquam
280 490 329 520 eum
342 477 364 520 in
377 477 452 533 linem,
469 483 493 521 ut
510 465 605 537 gloriam
621 474 664 520 sibi
680 472 738 530 apud
751 472 853 515 bornincs
870 473 947 529 aequi-

90 558 146 613 rat?
162 555 271 610 (lubidost
288 548 368 614 borno,
390 559 452 615 ptrod
471 572 554 603 aricinos·
579 571 604 601 cs
628 556 694 600 eires?
728 555 807 599 Partim
822 551 948 596 horrorilioe

92 638 121 682 de
138 638 224 683 artifice
239 639 376 696 iudicamus,
394 654 444 685 eum
461 640 568 694 dicimus,
594 650 650 696 opus
677 637 760 681 fecisse
783 646 830 678 raon
846 645 902 691 puro
920 645 948 676 ac

90 719 186 777 simplici
203 721 257 764 artis
274 733 352 765 amore
368 720 466 777 ductum,
482 721 611 778 respexisse
627 718 723 777 glumam
740 720 761 759 et
777 715 865 768 farriam,
882 726 947 769 tpnam

91 799 145 844 inde
162 800 205 844 sibi
222 805 326 857 pararet:
354 813 406 844 num
421 799 476 844 deris
499 813 554 858 opus
578 799 676 844 omniurn
698 810 783 841 summa
801 795 948 840 adornatione

92 880 184 939 digitum
208 894 249 939 pro
265 881 302 925 tali
319 880 454 926 adminiculo
471 880 577 925 imbuisse
595 878 723 926 censendus
749 877 801 922 est‘?
838 877 866 920 Et
889 886 948 934 (pritt-

91 960 160 1004 modo
176 964 251 1004 niente
269 962 366 1020 cogitari
382 962 440 1006 adeo
457 967 544 1019 potest,
570 961 635 1006 deum
657 973 720 1006 suain
743 958 838 1018 gloriam
857 958 949 1015 [pertaesi-

92 1039 155 1083 uisse
177 1053 207 1083 ex
227 1040 305 1085 mundi
326 1041 461 1086 creatione?
491 1035 578 1085 Etenim
599 1042 655 1086 deris
676 1041 799 1086 secundum
823 1038 951 1083 doctrinam

93 1117 240 1161 revelationis
267 1119 406 1165 Christianae
428 1120 519 1165 infinitis
540 1121 659 1165 uirtutibus
679 1120 795 1179 praeditus
811 1125 852 1165 est.
878 1120 949 1180 ,etima

93 1199 162 1244 illudo
179 1200 247 1258 igitur
263 1200 396 1259 quidquam,
414 1200 474 1260 epriod
490 1206 553 1245 extra
570 1205 619 1257 est,
636 1201 729 1245 influere
747 1202 770 1245 in
790 1214 840 1245 enm
854 1200 951 1258 petest?

93 1282 131 1326 Sin
149 1282 198 1325 lieri
223 1282 247 1325 id
268 1288 361 1339 posset,
387 1294 463 1325 nonne
485 1288 587 1326 naturam
611 1283 659 1326 cius
683 1282 763 1326 nmtari
781 1281 833 1325 inde
854 1293 950 1325 necesso

92 1362 175 1406 essct?
194 1362 274 1407 Nonne
290 1363 320 1407 ad
337 1364 445 1407 emiorum
460 1363 604 1408 beatitudinis
618 1363 712 1422 gradum
728 1361 822 1421 provehi
838 1376 889 1406 ernn
904 1375 950 1405 no-

95 1458 162 1489 ecsse
179 1449 254 1502 essct,
278 1458 343 1504 qrram
361 1458 427 1504 ntroin
445 1457 526 1490 revera
544 1445 649 1490 teneret?
676 1445 745 1490 lrnnio
761 1443 877 1490 beatitudo
895 1444 951 1502 eius,

95 1527 168 1585 qualis
183 1532 217 1572 est
234 1527 289 1572 deus
307 1527 497 1584 Cinistianornm,
514 1527 578 1584 cius,
596 1527 632 1586 qni
651 1532 685 1571 est
702 1541 714 1572 a
735 1540 760 1572 so
776 1529 834 1586 ipso,
850 1526 909 1570 nulla
924 1540 950 1570 re

94 1609 189 1651 externa
206 1607 283 1666 aligeri
298 1611 379 1665 potest.
411 1607 457 1653 lam
473 1608 492 1653 si
508 1621 585 1652 verum
604 1612 639 1651 est
655 1608 715 1666 qued
731 1608 834 1664 (liniatus,
857 1614 892 1652 εει
908 1622 949 1652 εε-

94 1690 139 1732 tem
158 1688 311 1747 verissimum,
331 1690 445 1749 quornodo
468 1690 518 1735 linis
540 1690 563 1736 id
586 1703 638 1735 esse
655 1692 721 1735 etiam
736 1695 821 1748 potest,
839 1689 899 1747 (prrod
916 1694 950 1733 est

96 1771 222 1828 eiusmodi,
244 1776 269 1816 ut
291 1773 314 1817 in
337 1773 392 1817 illud
407 1773 479 1831 ipsum
503 1785 561 1829 ons,
585 1774 648 1817 cunis
665 1785 734 1817 eausa
753 1771 889 1830 propositum
908 1771 951 1825 sit,

95 1851 191 1897 influere
216 1866 263 1897 non
287 1855 377 1912 possit?
401 1854 461 1899 Finis
483 1855 556 1913 enim,
581 1854 617 1914 qui
633 1853 724 1900 afficere
740 1867 776 1900 rue
794 1835 878 1913 neupriit,
895 1864 951 1909 prm

97 1931 158 1977 lecto
178 1937 196 1978 is
212 1933 265 1978 milii
282 1933 332 1980 finis
350 1947 396 1979 εεε
414 1936 460 1980 εειι

159 2014 204 2060 Sed
221 2014 274 2073 quid
290 2020 351 2073 tum,
375 2017 395 2062 si
411 2021 547 2074 statuamus,
570 2030 583 2060 a
599 2016 642 2061 (loo
658 2015 762 2061 reundum
779 2015 828 2060 sola
844 2015 952 2073 benigne

97 2099 143 2139 tate
159 2101 251 2153 propter
268 2100 384 2141 creaturas
397 2097 542 2142 beatitudinis
559 2103 675 2158 compotes
693 2102 792 2142 creatum
811 2096 878 2142 esse?
904 2096 953 2139 lloe

98 2176 181 2232 posito,
197 2177 303 2221 notiones
325 2182 417 2222 nestrae
434 2178 470 2222 dei
495 2179 538 2222 sibi
561 2192 608 2223 non
627 2183 765 2238 repugnant:
791 2177 892 2221 absoluta
916 2175 953 2220 dei

98 2256 227 2316 benignitas
244 2257 388 2316 pestolatui
405 2258 564 2303 beatitudinem
581 2273 658 2305 εει-εει
674 2271 730 2318 qrros
745 2259 831 2303 creavit
849 2263 953 2315 tanquam

98 2341 165 2384 finem
182 2342 248 2397 velit,
271 2346 295 2386 ut
311 2341 369 2385 bunc
392 2342 459 2386 linem
479 2343 539 2387 nullo
564 2355 619 2387 suae
641 2341 742 2386 utilitatis
766 2344 871 2397 respectu
892 2337 952 2382 uelit.

99 2419 171 2473 eram
186 2419 310 2466 honorifice
329 2423 362 2466 sic
383 2422 411 2466 de
428 2422 471 2466 deo
494 2423 615 2467 sentimus!
631 2423 687 2467 Nrnn
707 2419 852 2465 excellentius
869 2432 955 2478 propo-

100 2502 166 2545 sitnm
182 2502 279 2560 cogitari
295 2506 376 2559 potest,
393 2515 458 2560 qnam
476 2503 495 2546 si
511 2506 645 2558 statuamus,
664 2515 677 2545 a
691 2502 742 2558 deo,
761 2501 886 2560 ‹priountprc
896 2501 955 2545 bea-

101 2582 201 2626 titudinis
220 2587 336 2641 compotes
356 2586 407 2626 sunt
426 2586 449 2625 et
470 2583 557 2626 ratione
579 2584 689 2642 praediti,
713 2589 801 2629 creatos
818 2596 869 2629 esse
895 2582 953 2626 nula

102 2663 145 2706 aliu
164 2662 192 2706 de
210 2675 296 2719 cansa,
319 2663 363 2708 nisi
377 2668 400 2707 ut
417 2662 477 2707 beati
495 2661 588 2708 forent?
612 2664 668 2710 Num
684 2665 796 2710 excelsius
816 2664 954 2723 propositum

103 2728 294 2803 cogitari'potest,
310 2759 375 2803 quarn
391 2745 410 2788 si
426 2749 555 2802 statuamus,
573 2759 719 2805 quaecunque
730 2744 871 2804 practerlras
887 2757 954 2788 erca-

103 2830 163 2870 turas
189 2826 276 2869 rationo
298 2825 412 2882 praeditas
434 2830 457 2869 et
483 2825 624 2872 beatitudinis
648 2833 764 2885 ceinpotes
783 2828 907 2880 creaverit,
928 2839 955 2870 ea

104 2912 180 2952 ereata
199 2920 261 2961 esse,
286 2912 309 2951 ul
332 2908 374 2952 illis
399 2908 507 2952 nraiorem
530 2906 672 2953 lieatitndinis
691 2909 784 2967 gradum
803 2907 956 2951 εεεείιίειειῖι

106 2987 185 3031 Gloria
201 2993 222 3031 et
236 2988 322 3032 lionore
338 2988 454 3032 coronasti
476 3001 526 3031 ciria
542 2993 562 3030 et
584 2990 716 3035 coristitnisti
731 3003 781 3033 oetan
796 3000 866 3045 sapim·
884 3000 956 3043 opero

108 3072 153 3111 ιεε.
187 3065 269 3112 Optato
284 3068 399 3112 stebieristi
415 3066 512 3126 polibus
528 3067 582 3112 aises.
614 3070 670 3116 Num
690 3069 802 3114 excelsius
821 3069 958 3126 propositum

107 3151 142 3193 cst
157 3148 180 3190 in
204 3154 266 3205 parte
288 3154 439 3194 creaturarum
457 3147 599 3194 beatitudinis
618 3151 766 3209 cornpotnm‘i
792 3148 850 3202 Quid
868 3148 957 3192 tandem

107 3233 149 3289 cst,
168 3228 228 3288 qnod
245 3242 312 3288 snpra
326 3229 487 3276 beatitudinem
504 3241 580 3274 earnm
598 3229 678 3278 elatum
694 3232 741 3278 sit?
766 3231 821 3278 Nom
846 3229 957 3277 excelsius
