1979 3399
364 105 565 153 a‘ras--

39 251 88 298 Alia
101 250 209 309 quaedam
222 252 287 297 larius
299 250 487 309 interpretationis
505 246 613 306 exempla,
630 257 688 304 quae
704 241 792 288 scilicet
807 239 911 301 ,Theo-'

40 334 114 377 discus
125 337 202 377 natus“
219 333 326 377 Perronio
340 331 495 390 suppeditavit,
512 331 555 373 iam
569 341 634 386 supra
652 326 755 370 uidimus.
771 352 802 359 -
819 324 898 378 Quiu‘t

39 415 169 469 putemusne
181 425 232 457 esse
243 410 392 457 Theodiscum
402 410 497 468 aliquem
506 408 536 451 ita
546 421 622 465 parum
635 408 789 468 linguaesuae
802 407 897 465 peritum

40 496 78 537 aut
93 492 150 538 adeo
168 492 256 537 hebetis
273 492 358 551 ingenii
372 497 396 536 ut
411 491 471 535 illam
489 490 631 533 sententiam:
649 503 679 532 es
696 487 896 533 ocrschwiu-

42 575 90 616 det
105 574 187 616 callet·
202 571 326 627 Dttnhel,
342 573 357 614 i.
367 585 387 613 e.
405 569 490 612 tollitur·
500 568 570 611 ortatus
586 569 668 625 stratus,
685 568 761 612 ltaliae
779 573 852 613 uertat
866 567 896 612 sc

40 652 169 709 dilepuo
186 650 257 709 oqui
272 649 414 694 asciscite
431 647 553 693 autLatine
570 647 653 691 tollitur·
668 649 739 691 cirratis
750 647 894 694 obscuritas!

44 734 118 785 Quare
131 744 180 773 cunr
192 731 253 774 serio
265 730 288 773 id
299 729 381 774 lactina
392 741 444 773 esse
454 733 552 773 statuere
564 727 603 770 uix
612 725 686 782 liceat,
702 727 746 772 hoc
755 741 814 773 novo
824 743 895 789 argu-

41 817 116 858 mento
128 824 180 856 esse
195 816 277 870 potest,
295 810 354 856 illum
364 810 464 856 Petronii
474 808 623 854 Tlreodiscurn
639 814 713 853 natum
732 823 782 853 esse
799 810 894 869 aliquem

40 894 137 949 Doctum,
153 893 190 950 qui
208 891 328 950 aliquande
341 896 363 935 et
380 891 506 935 auctoritati
524 894 545 932 et
564 888 680 933 doctrinae
696 887 745 932 heri
762 889 796 933 sui
810 889 893 935 illudat.

41 972 253 1020 Windischmannus
271 984 358 1032 quoque
376 977 441 1017 natus
457 975 506 1016 erat
522 971 544 1014 in
557 970 773 1028 Germaniaplures
788 969 858 1015 lihros
875 977 898 1016 et

41 1056 127 1114 spissos
151 1066 255 1099 sermone
281 1052 407 1098 Theodisco
426 1054 555 1110 scripserat,
576 1050 731 1109 philosophiae
756 1051 896 1098 Theodiscae

42 1147 133 1193 operam
155 1132 193 1177 diu
216 1132 322 1189 dederat,
338 1137 360 1177 et
377 1136 467 1187 toriaco,
485 1137 508 1176 et
524 1136 603 1188 taurea,
621 1131 733 1190 quomodo
751 1134 770 1177 is
786 1132 851 1178 locos
868 1147 897 1179 ex

43 1214 211 1259 introductione
234 1213 389 1272 philosophica
403 1203 525 1258 'Hermesii
548 1214 626 1258 Latine
650 1213 773 1258 conuertit!
790 1213 896 1259 hliserum

42 1301 84 1352 cst,
104 1294 214 1339 eiusmodi
229 1295 437 1352 interpretationem
447 1294 574 1352 inspicere!
591 1293 625 1338 Ex
634 1307 661 1338 eo
673 1307 758 1353 genere
770 1300 812 1352 est,
831 1309 896 1354 quum

41 1377 110 1421 verba
133 1375 161 1420 ab
185 1376 301 1420 Hennesio
326 1380 430 1434 usurpata
456 1356 643 1419 Fihacohrhulten
659 1381 680 1419 et
696 1374 897 1420 thrrorchrounel-

40 1471 98 1514 ruera,
116 1470 209 1516 quorum
225 1455 278 1501 illud
294 1457 455 1513 neeessariam,
471 1456 516 1500 hoc
531 1456 623 1501 liberam
641 1458 721 1501 mentis
739 1459 895 1503 assensionem

42 1537 160 1597 significat,
177 1536 334 1595 interpretatur
348 1535 464 1580 uocalurlis
481 1548 536 1593 „pro
554 1548 609 1579 aero
627 1540 715 1580 certer-ee
731 1541 753 1581 et
768 1550 823 1595 „pre
840 1550 896 1582 aero

43 1617 167 1675 acciperes
200 1617 246 1661 Hac
262 1631 307 1661 una
323 1617 505 1675 interpretatione
530 1620 598 1661 totam
621 1617 761 1662 llennesiani
783 1624 896 1677 systema-

41 1701 70 1745 tis
86 1703 187 1743 naturam
205 1698 296 1742 nimium
313 1710 368 1742 sane
388 1697 518 1742 obscuravit
533 1702 555 1741 et
575 1698 685 1756 corrupit!
701 1681 814 1743 lleliusne
827 1699 894 1744 Win-

44 1780 190 1826 dischmanno
206 1791 334 1824 sermonem
346 1779 501 1835 Theodiscurn,
518 1778 626 1823 meliusne
641 1778 805 1838 philosophiam
819 1780 897 1825 Theo-

44 1862 129 1906 disoam
145 1861 258 1920 cognitam
275 1860 392 1904 habuerint
407 1861 422 1905 ii
433 1860 562 1917 Theodisci,
579 1861 616 1918 qui
638 1866 744 1919 excerpta
763 1874 792 1905 ex
809 1861 899 1920 seriptis

42 1942 194 1987 Hermesianis
217 1941 296 1986 Latine
313 1946 485 1997 corruerterunt,
510 1946 583 1986 utrum
601 1942 666 1986 amho
684 1942 726 1986 viri
742 1941 787 1998 illi,
805 1955 899 2000 quorum

42 2036 98 2067 unus
122 2023 152 2068 ad
175 2021 338 2081 philosophiam
360 2033 472 2078 nunqnam
491 2021 606 2077 incubuit,
624 2021 680 2065 alter
696 2023 732 2080 qui
750 2022 773 2065 in
791 2023 898 2066 extremis

45 2103 133 2161 quidem
148 2102 281 2148 Germaniae
297 2101 377 2145 finibus
393 2107 457 2145 natus
480 2106 501 2144 et
517 2102 539 2144 in
555 2101 710 2145 remotissimis
735 2107 809 2146 terrae
824 2103 898 2159 parti-

43 2182 83 2228 hus
99 2184 167 2228 uitam
185 2182 253 2241 clegit,
273 2182 310 2239 qui
331 2193 412 2238 expers
428 2179 549 2225 litterarum
565 2179 741 2225 Theodisearum
762 2182 785 2225 in
809 2181 894 2227 scholis

43 2261 223 2321 philosophorum
245 2260 311 2319 plane
334 2260 430 2319 hospes,
455 2266 527 2304 utrum
547 2262 570 2305 in
593 2273 698 2306 sennone
715 2267 738 2307 et
754 2262 895 2322 philosophia

44 2341 244 2387 ll⁷indischmanno
262 2339 310 2399 plus
327 2344 439 2398 saperent,
456 2339 480 2384 id
498 2339 553 2398 ipsi,
569 2341 588 2385 si
604 2342 648 2386 iam
664 2343 737 2398 minus
754 2355 831 2388 coram
853 2343 899 2389 ho-

43 2425 147 2481 minihus,
164 2427 187 2467 at
202 2435 278 2467 coram
295 2420 353 2478 deo,
378 2420 407 2465 ad
425 2421 486 2466 cuius
502 2422 606 2467 iudicium
621 2436 679 2468 tinus
697 2435 775 2468 eorum
790 2425 834 2469 iarn
852 2426 897 2470 ad-

48 2503 125 2550 ductus
142 2508 192 2561 est,
217 2507 239 2547 et
256 2515 332 2547 coram
348 2502 486 2547 coriscieutia
503 2515 543 2548 sua
561 2503 769 2562 respondebunt1).
801 2504 839 2550 Isti
853 2506 898 2552 ho-

45 2584 115 2630 mines
129 2588 187 2637 sunt,
203 2584 227 2627 in
239 2595 294 2641 quos
308 2587 354 2627 tota
366 2581 430 2640 cidpa
440 2582 527 2639 recidit,
544 2597 590 2628 non
602 2584 625 2627 in
641 2597 659 2629 s.
677 2585 755 2629 sedern
766 2585 907 2640 Romanam„

46 2664 100 2710 Nam
122 2664 189 2710 sedes
211 2662 311 2707 Romana
333 2662 421 2720 publice
446 2662 522 2719 edixit,
546 2664 656 2708 eiusmodi
671 2664 774 2710 homines
798 2680 897 2724 neque

47 2745 123 2803 apud
145 2744 227 2789 deum
248 2755 345 2800 neque
370 2742 441 2800 apud
460 2742 600 2788 homines
619 2744 702 2804 culpa
719 2750 896 2805 vacaturos,

47 2823 109 2869 siah
128 2823 238 2869 eiusmodi
256 2835 338 2881 opera,
361 2835 426 2880 quum
443 2824 515 2868 minus
533 2825 577 2882 apti
591 2828 674 2880 essent,
691 2837 737 2868 non
755 2825 895 2877 desisterent.

106 2904 191 2949 Eadem
207 2903 365 2949 constitutione
380 2908 399 2957 §.
417 2902 430 2946 {l
447 2903 559 2953 definitum
577 2909 625 2948 est:

138 2985 332 3043 „Quotiescunque
349 2987 429 3040 agatur
444 2983 472 3027 de
488 2984 545 3029 libro
562 2986 657 3030 auctoris
674 2986 792 3043 catholici,
811 2988 847 3045 qui
864 2990 893 3035 sit

55 3100 168 3110 *κα-ω»-
171 3106 232 3110 ψ»,

87 3164 106 3215 1)
121 3178 138 3202 v.
153 3166 277 3204 Hermesiani
293 3165 314 3201 in
328 3163 375 3201 urbe
392 3167 466 3212 Ratira,
484 3167 524 3204 sive
543 3166 667 3203 variationes
687 3166 713 3202 ad
733 3168 782 3207 Acta
798 3171 893 3215 namma,

127 3236 192 3275 editae
207 3238 232 3276 ab
248 3237 303 3276 Ethu.
319 3236 421 3275 Michaeli.
439 3238 536 3277 Coloniae
552 3237 606 3275 1839.
620 3250 639 3287 p.
654 3237 680 3276 23
695 3252 725 3291 sq.
