1979 3399
416 113 620 163 *boo*

88 256 186 302 officium
203 259 226 299 et
241 266 357 298 summum.
399 253 476 313 ltaque
495 254 574 299 iterum
592 254 659 311 dico,
684 254 703 298 si
719 252 829 297 llermosii
845 252 947 296 doctrina

43 331 44 336 ’
91 336 159 394 digna
177 338 212 378 cst
228 346 286 390 quac
302 333 452 392 reprobetur,
468 334 487 378 si
502 333 538 378 via
555 338 578 377 et
594 335 653 378 ratio
671 333 719 377 cius
733 334 755 376 in
773 344 864 377 errores
880 331 948 374 indu-

88 415 125 471 cit,
142 414 162 458 si
179 426 217 458 res
233 426 306 458 novas
322 413 469 472 concupiscit,
494 426 543 457 eam
564 412 743 471 reprobabimus,
764 410 888 468 reprobare
905 409 948 453 de-

88 493 180 538 bemus:
200 505 308 538 summurn
324 496 427 538 nostrum
444 492 541 538 ol'ficium
558 496 593 536 cst
610 495 632 535 et
644 491 722 535 stricta
736 489 846 544 voluntas,
863 494 886 532 ut
898 500 947 532 eam

88 573 245 631 reprobemus.

147 651 193 699 Sed
209 665 262 696 num
278 665 304 696 re
322 664 377 697 vera
395 652 534 706 Hermesium
552 651 663 695 mittamus
681 662 778 695 necesse
796 654 837 707 cst,
853 662 905 693 num
922 662 948 693 rc

85 732 207 777 veracius
224 730 330 776 doctrina
350 737 395 776 tam
413 744 482 789 prava
498 735 548 785 est,
566 730 615 774 eius
631 730 689 774 ratio
707 729 805 774 docendi
821 734 866 774 tam
883 728 947 785 salsa,

88 811 138 856 eius
153 810 226 856 studia
243 814 289 855 tam
306 812 382 861 vana?
414 811 473 856 Sane
488 810 618 855 llcrmesius
632 808 700 853 bomo
719 809 776 864 tuit,
804 810 862 854 lraud
881 809 947 854 dubie

88 892 149 935 vitiis
166 891 292 948 nacrisque
309 889 403 934 affectus
419 889 472 946 luit,
499 889 617 934 raritatem
634 901 680 933 non
696 901 785 946 semper
802 889 873 944 vidit,
893 902 949 933 sae-

89 971 140 1028 pius
157 970 256 1024 errarit;
281 969 378 1013 libenter
400 969 422 1014 id
440 968 550 1014 concedo.
586 967 631 1015 Sed
648 982 700 1012 num
716 969 847 1012 llermesius
863 970 949 1012 uerita-

89 1054 135 1094 tem
152 1049 207 1094 nilril
221 1050 286 1108 pensi
302 1049 397 1106 babuit,
424 1063 476 1094 num
493 1048 562 1094 libido
579 1062 684 1094 sensuum
706 1062 756 1095 eum
772 1049 873 1108 impulit,
896 1062 947 1094 num

91 1129 171 1174 oculos
188 1128 302 1172 hominum
318 1129 341 1173 in
358 1142 383 1174 se
400 1128 519 1173 aduertere
538 1128 643 1174 studuit?
674 1129 724 1174 lloc
740 1142 806 1174 nemo
824 1129 893 1186 dixit,
911 1129 949 1187 qui

92 1208 380 1266 aliquatenusHermesium
394 1210 503 1268 cognovit
515 1214 553 1253 aut
568 1221 581 1252 c
596 1208 719 1267 longinquo
733 1208 868 1265 observavit,
882 1221 949 1253 nemo

89 1286 126 1344 qui
143 1286 192 1329 sine
209 1286 355 1343 praeiudiciis
375 1288 405 1330 ad
426 1299 476 1331 eum
493 1288 592 1331 accessit
617 1299 690 1345 neque
715 1287 949 1344 proculobserrarit,

91 1366 189 1424 denique
205 1378 272 1409 nemo
289 1366 326 1424 qui
348 1368 398 1411 sine
414 1367 574 1424 praeiudicatis
592 1366 735 1423 opinionibus
757 1366 828 1410 libros
846 1368 895 1410 eius
912 1367 949 1410 le-

88 1445 122 1503 git
141 1448 163 1489 ct
178 1457 276 1502 unquam
293 1445 377 1490 similes
393 1443 553 1488 conscribendi
570 1445 692 1502 periculum
710 1444 770 1489 fecit.
814 1445 909 1490 Ubinam
926 1445 950 1489 in

88 1525 137 1569 eius
156 1525 262 1582 operibus
277 1524 314 1568 vel
329 1525 442 1568 minimum
459 1523 578 1582 vestigium
596 1528 631 1568 est
648 1523 706 1568 illius
723 1524 804 1580 animi,
824 1525 861 1583 qui
876 1526 949 1583 perti-

87 1604 175 1648 naciter
191 1604 296 1661 propriae
312 1604 437 1647 sentcntiae
454 1602 610 1660 adhaerescit,
626 1602 716 1648 ubinam
733 1603 878 1649 adversarios
894 1616 949 1648 suos

87 1683 166 1727 irridet
189 1688 211 1726 ct
229 1695 275 1726 non
291 1684 365 1740 potius
385 1682 482 1738 retollit,
506 1682 597 1726 ubinam
624 1682 667 1727 sibi
686 1681 760 1739 placet
781 1683 809 1727 ob
831 1683 948 1728 meliorem

88 1761 266 1819 intelligentiam,
280 1761 371 1805 ubinam
388 1761 525 1806 adversariis
544 1761 671 1819 exprobrat,
689 1762 750 1819 quod
768 1763 884 1806 veritatem
902 1774 948 1806 non

88 1840 229 1899 agnoverint,
246 1840 366 1885 dummodo
382 1841 480 1900 ingemre
497 1855 546 1886 cam
563 1843 731 1899 quaesiverint,
748 1842 838 1887 ubinam
854 1854 946 1887 errores

87 1920 181 1964 aliorum
198 1932 245 1964 non
262 1920 422 1965 luimanissime
438 1922 554 1978 praeterit,
572 1921 692 1966 dunrmodo
709 1922 792 1966 veritas
813 1922 837 1966 id
858 1934 947 1966 conee-

85 1998 130 2055 dat,
145 1998 235 2043 ubinam
252 1999 341 2044 tandem
352 2001 474 2059 profitetur,
490 2012 515 2043 se
533 2012 615 2059 magna
627 2001 774 2058 praestitisse,
791 2002 835 2046 nisi
850 2005 875 2046 ut
886 2001 943 2046 alios

83 2077 161 2122 incitet
176 2083 200 2122 ut
215 2079 287 2137 ipsum
302 2081 427 2135 imitentur,
445 2085 467 2124 et
483 2079 519 2124 vel
537 2080 560 2123 in
577 2080 688 2125 eiusmodi
704 2081 760 2125 locis
777 2094 854 2125 nonne
873 2082 941 2126 multo

83 2156 155 2215 magis
173 2155 202 2200 de
220 2170 289 2214 opera
306 2164 384 2202 suaet
402 2159 517 2203 laboribus
533 2158 637 2216 loquitur,
654 2173 710 2217 quos
727 2161 862 2216 insumserit,
879 2174 944 2219 quam

86 2234 114 2278 de
132 2234 159 2279 iis
176 2247 233 2292 quae
249 2235 401 2293 praestiterit?
432 2236 489 2280 Num
505 2236 538 2282 sic
556 2239 620 2295 agit,
642 2239 679 2296 qui
696 2238 774 2283 oculos
790 2239 904 2283 liomimun
921 2240 943 2283 in

86 2325 112 2357 se
128 2319 217 2358 vertere
234 2314 316 2368 studet,
333 2327 398 2371 quem
417 2327 489 2358 vanae
506 2315 617 2372 gloriolae
635 2316 745 2372 cupiditas
761 2317 870 2373 impellit?
898 2318 943 2363 lam

86 2402 142 2434 vero
160 2403 225 2447 quam
244 2392 419 2447 circumspecte,
443 2405 509 2449 quam
527 2398 633 2438 accurate
649 2395 715 2451 agit?
752 2395 847 2440 Ubinam
864 2397 942 2442 decla-

86 2481 149 2513 mare
166 2468 257 2526 incipit,
274 2472 296 2512 et
311 2481 356 2512 non
373 2471 447 2526 potius
463 2471 554 2528 inquirit
570 2477 592 2515 et
610 2474 747 2531 argumentis
762 2476 883 2533 propositis
902 2477 945 2521 de-

86 2552 211 2604 monstrat,
233 2547 323 2591 ubinam
340 2547 409 2590 rerba
433 2546 471 2590 dat
489 2560 530 2604 pro
554 2550 636 2617 rebus,
656 2551 746 2596 ubinam
762 2555 902 2613 negligentia
918 2556 941 2599 in

86 2627 226 2686 quaestione,
244 2626 303 2672 adeo
321 2627 344 2670 in
363 2626 439 2670 verbis
455 2626 648 2684 deprehenditur?
670 2632 726 2676 Nunr
743 2633 799 2677 baec
817 2635 864 2678 eius
883 2636 944 2679 seri-

84 2707 156 2764 ptoris
173 2707 230 2750 ratio
248 2710 290 2761 est,
308 2705 345 2762 qui
363 2718 409 2748 rem
428 2718 441 2748 a
458 2717 484 2748 se
501 2710 615 2752 tractatam
632 2710 686 2754 nihil
704 2717 774 2767 curat,
792 2713 828 2769 qui
845 2714 867 2756 in
884 2716 944 2758 scri-

85 2782 162 2828 bendo
179 2798 242 2829 suum
258 2783 387 2840 honorem,
404 2796 467 2828 suam
482 2783 596 2829 utilitatem
612 2789 722 2845 respicit?
753 2791 776 2836 Si
792 2803 858 2836 unam
877 2793 944 2837 animi

85 2863 267 2922 tranquillitatem
287 2862 423 2917 considero,
441 2861 625 2920 circumspectum
641 2868 764 2925 quaerendi
781 2870 868 2926 genus,
887 2871 944 2915 sim-

85 2943 224 3000 plicitatem,
251 2954 294 2999 qua
311 2941 340 2985 ad
357 2940 501 3000 quaestiones
518 2943 606 2988 accedit
624 2958 707 3004 easque
729 2946 758 2991 ad
775 2948 842 2992 finem
858 2951 944 3007 perdu-

88 3022 131 3078 cit,
154 3025 258 3079 quantam
275 3021 460 3079 temperantiam,
486 3025 589 3076 quamam
612 3026 713 3070 veritatis
730 3030 752 3069 et
768 3026 883 3084 dignitatis
899 3029 944 3074 lio-

84 3099 167 3143 minum
184 3100 369 3144 existimationem
384 3110 486 3158 agnosco
505 3098 528 3142 in
542 3113 570 3145 eo
585 3104 642 3160 viro,
660 3105 696 3148 cui
711 3105 838 3164 eloquentia
853 3110 943 3154 minime

89 3178 155 3236 desit,
173 3179 210 3236 qui
223 3179 328 3224 ‘incitatus
345 3179 367 3223 in
385 3180 517 3237 argumento
533 3191 574 3224 suo
589 3187 709 3242 versetur,
724 3185 761 3243 qui
779 3187 881 3233 omnibus
899 3188 944 3233 lio-
