1979 3399
387 51 426 67 -›
461 24 513 78 l36
552 50 586 62 -·

53 169 137 214 Drosle
156 168 179 213 in
195 165 346 225 Viscliering,
371 165 399 209 ad
416 163 517 222 singulos
535 162 622 219 missis,
639 163 744 208 inritatus
762 168 796 207 est
813 160 841 207 ad
858 172 916 206 con-

54 248 131 296 cilium
146 248 271 307 Capitulare
284 246 339 303 (lroc
355 244 407 302 ipso·
422 243 492 288 uerbo
509 243 546 287 ille
561 255 615 288 usus
625 245 674 297 est)
691 242 713 285 in
724 247 839 300 posterum
850 241 916 298 diem,

55 333 79 374 et
100 330 125 375 in
148 328 193 373 boc
211 320 306 372 concilio
324 324 426 382 receptio
441 329 519 369 nostra
541 325 591 369 sine
615 322 659 368 ulla
684 321 759 366 addita
778 322 915 378 conditione,

56 408 106 453 sine
121 407 164 453 ulla
181 404 345 449 intercessione
362 402 470 463 legitima,
486 416 549 448 more
566 401 625 462 apud
641 414 684 447 nos
697 403 773 459 solito,
792 403 916 447 secundnm

55 498 83 531 ea
107 498 164 543 quae
193 483 317 529 Concilium
344 483 496 528 Tridentinum
524 483 644 542 praecipit,
670 483 753 540 optima
778 494 835 540 pace
861 495 917 540 per-

56 570 106 610 acta
123 569 164 610 est.
625 577 629 580 ’

117 644 210 689 Felsina
226 643 334 704 estquod
352 649 436 701 narrat,
453 644 546 703 primum
562 628 729 702 professionem
745 640 798 688 srdei
815 648 837 687 et
852 642 917 687 iura-

55 729 154 770 mentum
173 724 295 783 capitulare
312 738 325 769 a
342 725 408 769 nobis
424 725 530 783 praestita
548 736 613 781 esse,
630 724 682 769 dein
696 728 750 782 post
765 723 822 768 buce
836 728 917 783 postu-

55 807 116 851 lasse
137 818 196 863 nos,
221 811 245 851 ut
271 805 383 851 canonice
406 806 578 850 instituerermrr.
611 805 636 849 ln
660 819 688 850 ea
710 806 841 849 narratione
858 803 916 848 duae

57 887 160 931 actiones
173 889 307 931 necessario
326 887 467 942 coniunctae,
483 885 535 930 fidei
548 884 661 943 professio
678 887 870 943 iuramentumque
886 910 917 918 -

58 969 81 1008 et
97 967 214 1023 possessio
240 965 341 1010 locorum
358 965 387 1008 in·
400 964 500 1022 Capitulo
518 969 540 1008 et
557 964 647 1020 Chore,
664 969 769 1022 tanquam
787 962 845 1007 duae
862 974 875 1005 a
891 972 918 1006 se

58 1044 172 1089 discretae
189 1046 299 1102 actiones,
317 1057 374 1103 quae
393 1057 439 1089 non
457 1045 563 1089 continuo
579 1050 685 1103 peractae
697 1047 781 1098 essent,
797 1041 918 1086 salsissime

58 1130 221 1184 proponantur„
253 1126 316 1178 Quae
339 1126 362 1169 in
384 1124 518 1179 investitura
543 1124 661 1170 observari
685 1124 743 1169 solet
767 1123 870 1168 locormn
893 1123 917 1167 in

59 1205 161 1262 Capitulo
188 1210 210 1251 et
234 1205 308 1250 Clioro
327 1205 464 1265 assignatio,
479 1218 519 1261 ea,
537 1217 672 1263 praegressa
690 1203 778 1250 derrnrrn
794 1203 846 1248 fidei
862 1215 918 1261 pro-

59 1285 160 1332 fessione
179 1289 201 1327 ct
218 1286 356 1341 iuramento,
380 1284 475 1342 sponholt
494 1285 539 1329 rim
556 1285 652 1342 accipit,
669 1298 740 1345 eaque
756 1284 844 1328 denrunr
860 1294 918 1327 eon-

59 1364 176 1409 inaotione
193 1364 348 1409 anctoritatem
364 1364 503 1423 adipiscitur.

122 1443 215 1487 Falsum
238 1444 371 1502 veritatique
388 1444 525 1489 contrarium
541 1448 655 1502 postremo
672 1442 783 1501 estquod
804 1447 888 1500 narrat,
905 1458 919 1489 a

59 1524 175 1569 ueteribus
194 1523 355 1582 Capitularibus
373 1503 473 1569 disertior
491 1522 628 1569 declaratum
645 1536 711 1581 esse,
728 1523 861 1575 canonicare
878 1523 920 1568 ln-

60 1603 196 1647 stitntionem
222 1602 274 1661 {tert
298 1602 386 1647 rainone
408 1616 494 1662 posse,
508 1614 595 1663 nosque
613 1618 641 1649 ea
657 1604 809 1650 declaratione
826 1605 920 1663 acquic-

62 1685 123 1730 risse
140 1688 163 1729 ct
179 1681 298 1741 reprobari
315 1695 358 1727 nos
376 1695 457 1741 passos
474 1696 533 1729 esse.

128 1759 210 1805 Veturia
225 1762 260 1806 rei
276 1763 386 1807 rationem
400 1764 510 1821 praebent
527 1776 584 1821 quae
600 1765 706 1809 continuo
723 1764 874 1809 subiiciemus.

125 1841 180 1886 Cum
201 1840 281 1886 litteris
308 1856 363 1901 quas
388 1847 439 1887 anie
461 1846 634 1889 memoravimus
659 1845 701 1889 nile
722 1845 808 1890 invitati
830 1845 867 1890 die
892 1846 920 1890 ta

62 1920 116 1965 blaii
139 1921 199 1964 1813
223 1923 246 1965 in
269 1923 331 1965 curia
348 1923 467 1981 Capitulari
488 1923 633 1980 adessemus,
651 1927 760 1970 certiores
777 1926 830 1970 facti
845 1938 920 1970 snmus
946 1920 947 1923 ’

63 2000 132 2043 etde
154 2002 308 2047 nominatione
329 2008 407 2048 nostra
432 2003 459 2047 ab
481 1985 642 2062 lmperatiice,
665 2006 722 2064 apud
747 2019 811 2065 quam
836 2019 921 2052 summa

62 2084 115 2124 tunc
129 2085 246 2139 potestas,
272 2082 363 2127 decreta
388 2088 411 2128 et
428 2083 456 2127 de
474 2084 576 2129 consulto
593 2084 686 2143 Capituli
703 2087 774 2144 pridie
791 2086 865 2142 facto,
887 2088 922 2131 si-

62 2160 151 2219 mulque
176 2161 274 2206 additum
291 2168 343 2220 est,
360 2164 404 2207 iam
422 2176 465 2209 nos
482 2177 533 2209 esse
556 2165 687 2212 confratres
705 2170 727 2211 et
741 2177 809 2211 veros
826 2166 921 2225 Capituli

62 2241 231 2298 Metropolitani
249 2242 356 2302 collegas.
389 2243 425 2289 Ad
448 2243 506 2289 baec
524 2244 625 2289 nonnulli
648 2259 678 2291 ex
693 2245 776 2291 nostris
793 2246 922 2305 responde-

63 2319 136 2378 bant,
154 2319 188 2365 liis
207 2321 256 2365 unis
281 2323 426 2381 acquiescere
443 2337 495 2369 sese
512 2337 559 2370 non
573 2337 660 2385 posse,
687 2324 729 2369 sed
753 2325 881 2383 postulare,
898 2331 922 2371 ut

66 2400 160 2445 Collatio
180 2400 237 2445 iuste
254 2402 377 2458 perscripta
394 2403 418 2447 in
437 2416 462 2447 se
477 2404 626 2461 conferretur,
642 2409 710 2463 utque
726 2405 837 2452 canonica
854 2405 922 2452 lnsti-

67 2483 122 2531 tutio
138 2486 292 2541 perageretur.

129 2560 231 2605 Vicarins
248 2562 362 2619 generalis
385 2561 414 2606 ad
430 2563 487 2608 lraee
502 2564 618 2624 respondit
633 2574 691 2623 [non
705 2566 775 2611 verba
794 2566 835 2612 sed
852 2579 922 2626 argu-

65 2646 164 2687 mentum
180 2644 336 2702 responsionis
353 2643 455 2701 rclero),
479 2643 507 2688 ob
524 2647 700 2692 nominationem
718 2649 762 2694 iarn
779 2651 892 2706 peractam
908 2661 922 2693 a

68 2723 169 2782 Capitulo
189 2724 336 2769 Collationem
352 2724 463 2783 perscribi
479 2737 522 2768 non
540 2739 615 2784 posse,
632 2729 675 2773 nisi
691 2734 715 2774 ut
731 2730 764 2774 ira
776 2727 922 2786 Imperatoria

69 2811 253 2864 consequeretur,
270 2805 374 2850 sulficere
390 2810 471 2862 autem,
487 2807 661 2854 nominationem
677 2814 777 2853 nostram
795 2808 890 2865 agnosci
908 2821 922 2852 a

68 2885 168 2944 Capitulo
186 2885 291 2952 idque-in
307 2884 434 2945 Protocollo
451 2887 567 2943 perscribi.
599 2889 648 2934 Hoc
664 2889 757 2934 rationis
769 2886 860 2944 probari
877 2899 923 2930 ne-

69 2963 104 3007 bis
120 2964 204 3009 debcrc
219 2966 358 3023 putarimus,
376 2977 464 3022 nosque
482 2964 518 3009 illa
535 2980 591 3013 vote
608 2971 753 3028 acquiescere
770 2979 850 3024 posse,
877 2972 922 3011 tum

69 3044 129 3102 quod
152 3046 237 3103 agnitio
261 3047 421 3092 norninationis
449 3050 541 3091 nostrae
563 3049 587 3093 in
608 3049 735 3095 Protocollo
755 3048 880 3106 perscripta
900 3047 922 3091 in

67 3121 178 3168 eiusmodi
199 3138 267 3171 causa
289 3126 398 3185 singulari
422 3126 445 3172 in
469 3126 542 3173 ricem
566 3129 706 3177 instrumenti
725 3127 855 3176 Collationis
880 3127 922 3173 rite
