1979 3399
441 52 620 105 *hb-

94 192 145 238 Vol.
162 193 178 240 l.
194 206 246 254 pag.
263 193 293 240 76
306 195 335 239 ita
350 192 442 239 scribit:
467 192 585 245 Quomodo
607 193 730 251 poterimus
746 196 852 242 assentiri
867 196 954 243 revela·

96 276 154 320 tioni
171 275 259 320 diuinae
276 274 357 331 aliquid
373 272 539 329 manifestanti,
555 274 574 319 si
591 274 646 318 certi
661 274 722 332 prius
735 287 782 319 non
797 289 881 336 snmus,
895 277 954 323 hanc

97 369 152 402 esse
172 356 334 402 revelationem
356 353 468 413 diuinam,
490 355 601 413 nobisque
623 355 752 400 incumbere
769 369 826 401 onus
845 357 954 413 (officium

96 437 165 482 uoluit
186 436 273 490 dicere]
298 434 372 480 eidem
392 436 550 481 assentiendi?
582 436 700 489 Quomodo
720 436 802 494 poterit
824 436 868 481 dici
890 443 953 482 actus

95 520 181 572 noster,
199 528 242 573 quo
257 516 404 573 assentimur,
418 515 528 576 prudens,
542 517 562 561 si
580 518 602 562 in
617 517 677 561 nullo
693 530 785 576 prorsus
801 520 863 561 certo
882 516 955 560 ratio-

94 597 131 640 nis
146 601 239 640 nostrae
257 596 377 641 dictamine
393 596 532 643 fundetan
564 597 587 642 Si
597 597 733 642 *Dmomshio
751 597 867 642 enuntiare
883 596 954 654 licuit,

95 674 125 719 ad
141 676 274 735 prudentem
289 676 343 721 lidei
361 678 518 722 assensionem
535 678 633 735 requiri,
653 682 678 722 ut
692 681 776 723 certum
793 677 887 722 rationis
903 677 954 721 dic-

95 761 171 801 tamen
195 770 236 816 pro
260 758 405 816 fundamento
429 757 526 816 habeat,
552 770 592 801 cur
612 757 730 802 Hermesio
753 757 813 802 idem
837 758 954 802 enuntiare

94 849 142 882 non
158 838 246 883 liceat?
277 839 410 895 Petronius,
424 838 452 883 ⁴si
473 838 516 883 sibi
539 842 644 883 constare
666 837 740 892 uolet,
765 837 872 882 damnare
887 838 953 882 etiam

95 919 248 964 Dmeushium
274 918 353 975 debet,
378 918 487 978 collegam
504 931 581 976 sumn,
605 918 711 962 damnare
736 917 892 975 Buttaonium,
916 918 953 962 vi-

95 1013 145 1045 rum
172 999 329 1057 grauissimum
354 998 494 1057 eundemque
515 1013 533 1045 s.
556 999 633 1044 Palatii
655 1002 726 1057 apost.
750 998 893 1058 Magistrum,
916 1001 953 1058 qui

96 1080 222 1125 Dmousbii
243 1079 313 1124 libros
338 1079 484 1138 approbavit,
515 1078 622 1124 damnare
646 1079 789 1137 Praepositos
811 1079 949 1137 Dmowshii,

96 1162 134 1220 qui
151 1160 196 1209 tale
214 1161 333 1220 quidquam
350 1161 378 1205 ab
397 1173 424 1205 eo
439 1159 497 1204 tradi
516 1164 581 1218 atque
602 1160 625 1203 in
646 1161 726 1218 uulgus
748 1161 817 1205 emitti
833 1164 952 1218 patiuntur.

95 1266 128 1278 —-
151 1241 181 1286 At
196 1241 326 1285 Herrnesius
342 1239 450 1299 generale
466 1240 578 1284 criterium
596 1239 734 1284 certitudinis
754 1240 829 1284 statuit
844 1252 895 1284 esse
909 1253 952 1283 rac-

97 1319 224 1364 ccssitotcm
242 1320 337 1377 aliquam
354 1333 367 1364 e
382 1319 470 1364 ratione
487 1318 612 1375 oriundam,
629 1331 672 1376 qua
689 1318 804 1377 efficiatur,
820 1324 845 1364 ut
860 1321 951 1364 ornrrino

94 1400 261 1445 assentiendum
278 1401 313 1456 sit,
330 1403 354 1443 ut
370 1397 471 1443 dubitare
490 1410 536 1443 non
552 1398 673 1456 possimus,
690 1400 734 1444 nisi
752 1400 780 1445 ab
798 1400 847 1459 ipsa
862 1401 951 1446 ratione

94 1480 230 1524 deficiamus.
263 1479 333 1533 Quasi
347 1491 403 1523 uero
420 1478 447 1533 is,
464 1477 501 1535 (pri
514 1482 590 1534 potest
603 1478 669 1523 etiam
686 1492 735 1523 ctam
751 1479 950 1527 r·otionedrrbita1·e

94 1566 133 1605 aut
144 1560 256 1605 cohibere
271 1573 404 1616 assensum,
426 1571 481 1603 uere
504 1564 578 1603 cerhrs
601 1571 653 1604 esse
671 1564 694 1605 et
712 1558 811 1619 effugere
828 1562 950 1619 periculum

95 1641 186 1685 errandi
204 1646 277 1698 queat.
308 1640 441 1684 Rectissime
455 1638 522 1696 igitur
537 1638 683 1695 Hermesius;
705 1646 727 1685 et
746 1647 866 1698 propterea
882 1646 948 1689 etiam

90 1702 242 1781 praescribit,
266 1724 290 1764 ut
307 1719 368 1763 docti
382 1717 499 1774 homines,
523 1731 616 1774 quorum
639 1720 759 1778 praecipue
781 1727 815 1766 est
832 1724 918 1767 incerta
936 1738 949 1768 a

94 1802 162 1847 certis
180 1813 310 1858 secernere,
326 1812 372 1844 non
387 1797 564 1859 praetermittant
576 1811 719 1857 quascunque
734 1800 848 1847 dubitandi
860 1817 948 1862 causas,

93 1883 137 1931 sed
154 1882 322 1947 diligentissime
338 1881 475 1941 investigent
489 1885 554 1939 atque
569 1879 717 1939 perlustrent,
733 1886 777 1927 tum
793 1897 849 1929 vero
865 1898 950 1930 secun-

96 1962 148 2008 dum
164 1963 258 2008 rationis
280 1961 389 2021 principia
410 1960 554 2007 seuerissime
579 1962 722 2008 examinent:
740 1975 792 2009 nam
808 1964 842 2009 his
860 1964 948 2012 demum

95 2044 175 2088 mentis
193 2042 319 2086 actionibus
334 2040 424 2099 planum
440 2040 493 2096 fiet,
519 2045 592 2085 utrum
611 2041 676 2087 ullius
696 2056 725 2088 an
746 2044 826 2090 nullius
841 2049 950 2093 momenti

93 2124 138 2169 sint
153 2137 189 2179 ea,
207 2136 265 2180 quae
279 2126 398 2166 iacuerunt
415 2124 453 2166 aut
469 2126 563 2179 possunt
584 2122 677 2167 irrorere
694 2121 867 2183 dubitationem,
890 2128 949 2173 sitne

92 2204 189 2263 proinde
206 2217 281 2261 annon
298 2204 326 2247 sit
344 2202 476 2246 dubitationi
491 2200 547 2245 ullus
564 2200 626 2247 locus
645 2217 695 2247 cum
712 2206 800 2251 ratione
817 2207 949 2265 relinquen-

94 2285 144 2330 dus.
177 2284 281 2329 Ceterum
297 2283 364 2328 facile
378 2283 502 2343 intelligent
518 2283 562 2327 uiri
577 2284 703 2341 sapientes,
726 2286 838 2331 criterium
855 2290 948 2332 certitu-

96 2365 155 2411 dinis
170 2348 199 2408 ab
215 2364 332 2407 Hermesio
350 2364 462 2420 positmu,
487 2361 672 2418 quemadmodum
693 2376 735 2407 usu
757 2368 819 2410 verrit
837 2369 859 2412 in
876 2383 948 2427 quae-

95 2446 206 2492 stionibus
223 2444 252 2489 ad
269 2443 375 2488 veritates
393 2441 507 2486 naturales
524 2442 695 2501 pertinentibus,
714 2445 748 2490 sic
763 2448 830 2492 etiam
843 2462 886 2494 usu
902 2465 946 2496 ve-

95 2527 146 2574 nire
163 2527 186 2572 in
203 2523 383 2584 quaestionibus,
407 2534 465 2581 quae
481 2520 516 2566 vel
533 2521 562 2566 ad
577 2522 659 2568 lactum
676 2525 820 2574 revelationis
836 2532 947 2590 pertinent

96 2608 134 2654 vel
150 2607 180 2652 ad
195 2605 283 2665 singula
302 2603 406 2662 dogmata
424 2603 527 2649 diuinitus
542 2605 657 2664 revelata,
677 2620 751 2666 neque
771 2615 846 2656 tamen
863 2624 893 2657 ex
909 2626 946 2672 ec,

96 2689 157 2750 quod
174 2687 203 2734 ad
223 2685 356 2747 posterioris
376 2683 468 2744 generis
491 2686 633 2742 quaestiones
656 2686 792 2747 applicetur,
817 2690 946 2739 ullomodo

95 2770 200 2818 concludi
222 2780 306 2829 posse,
329 2766 440 2811 rationem
463 2764 490 2809 ab
512 2765 628 2812 Hermesio
652 2769 792 2816 considerari
815 2776 840 2816 ut
863 2771 947 2819 iontem

96 2852 236 2911 'l'heologiae
254 2847 397 2894 christianae.
432 2844 481 2890 Sed
498 2857 602 2902 quorsum
618 2847 692 2906 haec,
715 2849 753 2895 ubi
775 2864 824 2895 curn
839 2851 947 2898 Perronio

97 2947 135 2978 res
150 2933 204 2978 est?
231 2928 330 2978 Sufficiet
346 2931 424 2973 contra
441 2937 491 2969 eum
506 2938 582 2970 rursus
601 2928 623 2972 in
640 2942 731 2974 scenam
747 2929 861 2977 adducere
878 2933 947 2991 ipsius

99 3015 215 3073 collegam.
245 3013 308 3058 ldem
323 3011 360 3055 ille
377 3006 533 3063 Dmoushius,
555 3007 709 3068 philosophiae
728 3011 819 3056 moralis
835 3014 858 3056 in
876 3014 948 3058 colle.

98 3096 138 3156 gio
154 3094 254 3142 Romano
269 3092 400 3148 Professor,
423 3089 447 3133 in
462 3086 575 3132 uolumine
591 3089 607 3133 l.
623 3090 785 3136 Institutionum
802 3106 891 3138 suarum
908 3108 947 3139 sa-

99 3179 127 3226 tis
145 3175 237 3234 copiose
254 3176 375 3232 pertractat
393 3167 549 3230 quaestionem
565 3167 592 3213 de
610 3171 748 3217 certitudinis
765 3172 841 3219 ultimo
854 3175 948 3233 raetiae,
