1979 3399
402 116 588 169 ...93-

65 262 179 320 strandum
199 266 219 307 et
240 261 328 306 interim
346 273 386 318 pro
404 271 459 303 vero
477 257 598 302 admissam
615 247 767 309 disiungendo
786 248 809 292 in
822 246 877 292 alias
888 259 929 292 re-

66 345 155 401 solvas,
171 342 211 389 sed
229 343 259 387 ita
278 346 302 386 nt
318 351 461 398 consequens
484 349 587 395 quaeque
608 331 735 394 propositio
759 328 864 389 proxime
889 341 929 372 sn-

66 428 179 484 periorem
201 429 281 483 totam·
299 420 445 480 amplectatur
459 428 565 474 -eamque
594 416 686 460 inverso
712 411 794 458 ordine
819 411 930 464 restituat,

68 507 140 551 eloneo
157 510 271 563 postremo
297 501 325 545 ad
348 499 494 544 indubitatam
517 495 628 553 quandam
652 495 689 539 rel
710 493 770 538 notis
791 489 930 550 argumentis

67 584 286 631 commonstrandam
309 575 416 624 devenias
423 593 430 634 3
454 580 492 620 ant
515 575 566 620 dum
594 576 703 621 rationem
721 572 884 632 intelligibilem
903 583 930 615 ac

67 665 213 710 sufficientem
230 658 391 718 propositionis
409 652 599 700 dernonstramlae
617 654 766 699 disiunctione
783 666 873 711 semper
889 663 930 696 re,-

67 745 135 792 oetita
150 743 173 786 in
191 739 247 785 alias
259 738 369 794 resolvas,
388 742 410 782 et
427 735 515 794 quidem
535 748 625 793 semper
641 735 665 778 in
683 734 795 780 eiusmodi
810 735 930 786 rationem,

39 875 42 880 ι
69 835 125 880 quae
141 821 236 865 rationis
259 820 361 877 proxime
384 828 544 875 praegressae,
568 814 606 857 nbi
630 826 657 857 ea
674 827 751 858 rmsus
766 815 790 856 ut
805 813 930 870 propositio

68 891 206 962 producitur,
222 900 336 946 sulliciens
352 898 409 942 ratio
427 897 464 953 sit,
485 895 559 940 donec
576 894 605 940 ad
620 895 731 939 rationem
745 892 873 949 (tenerioris,
889 905 931 935 cu-

69 984 103 1028 ins
130 980 189 1025 nulla
212 981 256 1023 iarn
276 979 411 1037 probatione
436 975 578 1035 indigemus,
602 986 704 1033 quaeque
728 986 769 1030 por
791 986 815 1016 se
834 977 930 1016 constat.

70 1064 140 1116 Quam
156 1062 224 1120 igitur
240 1061 289 1116 quis
305 1059 430 1113 rationem,
456 1057 475 1099 si
499 1054 605 1099 methodo
625 1052 750 1112 synthetiea
766 1056 848 1108 utitur,
868 1065 931 1096 snam

69 1142 131 1197 lacit,
149 1153 266 1197 qrrtnnque,
285 1139 304 1182 si
320 1129 436 1195 analytica
448 1135 523 1191 utitur,
537 1134 636 1193 adoptat,
653 1147 680 1178 ea
695 1132 759 1202 lmins
774 1133 801 1178 ab
814 1133 857 1178 hao
867 1136 931 1193 parte

72 1220 191 1267 methodus
209 1224 250 1264 est.

132 1299 239 1358 Exposita
255 1297 355 1342 methodi
374 1297 471 1342 docendi
488 1298 580 1342 notione
599 1300 677 1341 natura
694 1296 743 1342 eins
759 1295 873 1342 declarata
890 1300 931 1352 est,

71 1380 179 1439 sinmlque
192 1392 324 1438 responsum
340 1383 374 1423 est
389 1379 418 1423 ad
434 1377 464 1434 td,
477 1378 537 1437 (prod
547 1376 636 1422 interim
647 1379 669 1422 in
686 1379 841 1435 [praestionem
857 1389 931 1421 rene-

68 1466 109 1504 rat.
143 1460 302 1518 Sedliquetne
319 1464 442 1504 ornatura
460 1456 566 1514 methodi,
584 1456 654 1515 qualis
672 1470 698 1501 ea
717 1457 784 1502 nohis
801 1456 875 1511 adhuc
893 1459 931 1502 in-

68 1541 153 1598 notuit,
179 1553 234 1599 quas
250 1541 357 1586 utilitates
374 1552 521 1598 (praecuntpre
538 1539 648 1582 institutio
665 1551 694 1582 ex
709 1538 816 1582 methodo
832 1542 894 1595 petat
909 1543 931 1581 et

68 1620 161 1665 nonnisi
178 1633 207 1664 en
223 1620 272 1678 ipsa
288 1624 366 1679 petere
381 1619 460 1677 possit,
476 1632 572 1676 mnnque
584 1631 668 1678 graues
686 1620 731 1663 sint
749 1632 790 1664 eae
806 1618 932 1676 utilitates?

68 1700 147 1756 Liquet
158 1712 221 1743 sane.
253 1698 381 1745 Securrdmn
392 1711 427 1753 ea,
443 1711 501 1756 quae
513 1697 618 1753 dininms,
635 1698 777 1743 manifestum
788 1703 830 1755 est,
840 1711 930 1742 omnem

69 1778 238 1835 dispositionem
260 1783 282 1822 et
304 1779 433 1822 detracturum
450 1779 627 1837 cogitationum,
644 1792 701 1837 quae
718 1779 842 1834 traduntur,
858 1784 881 1822 et
896 1778 933 1823 di-

72 1843 156 1902 scenlis
179 1871 267 1902 omnem
289 1858 426 1903 intellectum
451 1857 515 1903 lmius
538 1858 692 1917 dispositionis
714 1864 736 1903 et
758 1860 875 1905 iuncturae
901 1871 931 1903 ex

73 1939 178 1983 rnethodo
204 1938 319 1996 pendere,
345 1937 474 1981 methodum
493 1938 585 1981 omnino
604 1937 707 1982 docentis
729 1938 865 1995 expositioni
882 1937 933 1982 lor-

73 2032 130 2063 mam
149 2018 279 2075 conciliare,
296 2031 346 2061 eam
363 2030 422 2077 esse,
438 2029 496 2075 [prae
514 2016 608 2062 sormam
626 2031 677 2062 ase
689 2017 831 2063 conciliatam
846 2022 868 2062 et
883 2030 935 2062 ma,-

73 2100 141 2143 terias
159 2099 182 2141 in
199 2099 246 2155 ipsa
264 2097 381 2153 ostendat,
407 2110 479 2154 eoque
497 2109 526 2141 ex
542 2097 636 2140 materia
654 2096 682 2141 ad
698 2097 826 2142 docendum
844 2111 933 2156 propo-

73 2177 270 2236 sitadiseiplinam
287 2177 362 2221 faeiat.
394 2176 471 2233 ltaque
491 2177 512 2220 in
531 2178 590 2221 omni
609 2177 726 2234 disciplina
743 2177 861 2222 methodus
879 2190 931 2222 ma-

73 2259 112 2317 gni
128 2259 234 2301 momenti
245 2270 281 2301 res
295 2262 336 2302 est.
369 2258 491 2314 Disciplina
509 2258 558 2301 sine
574 2257 680 2300 methodo
696 2256 750 2300 nihil
769 2262 803 2301 est
818 2257 862 2302 nisi
880 2270 931 2302 ma-

73 2339 130 2381 teria
152 2339 202 2382 sine
221 2336 306 2393 forma,
329 2349 402 2396 quae,
425 2342 449 2381 nt.
465 2336 523 2395 apud
547 2351 625 2381 omnes
643 2342 744 2394 constat,
767 2337 890 2383 intellectui
908 2351 934 2383 se

74 2417 184 2462 subducit.
216 2418 292 2477 ltaque
310 2419 347 2476 qui
369 2418 499 2462 methodum
521 2419 544 2462 in
571 2418 700 2478 dogmatica
725 2418 842 2463 tractanda
859 2419 932 2465 lercm

75 2496 180 2554 iudicant,
198 2500 235 2556 qui
244 2503 401 2560 contemnunt,
418 2499 499 2558 quique
515 2512 556 2557 pro
574 2512 615 2544 sua
634 2500 692 2545 ririli
702 2505 766 2560 parte
783 2500 874 2544 onnrino
892 2514 934 2544 re—

75 2575 152 2635 legare
169 2578 252 2634 relintg
276 2579 292 2622 ii
314 2578 370 2623 nihil
394 2579 454 2624 aliud
483 2585 567 2639 agunt,
588 2582 630 2625 nisi
654 2586 677 2625 ut
694 2582 790 2625 animam
807 2586 881 2625 mento
897 2580 934 2626 rel

76 2658 166 2715 corpori
182 2659 279 2702 animum
297 2659 407 2717 eripiant,
425 2673 469 2718 quo
487 2661 525 2717 fit,
541 2666 564 2705 ut
580 2659 694 2706 voluntate
713 2667 791 2706 autre
807 2662 856 2720 ipsa
873 2661 933 2705 hanc

76 2736 222 2797 disciplinam,
241 2739 292 2783 dum
310 2753 360 2785 eam
376 2755 444 2799 snpra
461 2753 540 2787 omncs
557 2742 612 2786 alias
631 2742 759 2800 disciplinas
778 2741 861 2785 elevari
879 2753 933 2784 cre-

77 2815 144 2873 dunt,
167 2818 225 2862 infra
242 2831 319 2863 omnes
341 2818 396 2863 alias
413 2819 543 2879 deprimant.
578 2824 639 2877 erae
658 2823 753 2867 ‹lininms
769 2820 872 2865 sulficere
887 2821 932 2865 iam

76 2896 194 2944 rideantur
216 2898 244 2943 ad
264 2898 404 2944 rel'utandam
428 2914 505 2946 corum
529 2904 672 2961 opinionem,
694 2904 730 2962 qui
748 2902 869 2959 affirmant,
888 2902 933 2947 do-

77 2978 195 3032 gmaticam
207 2977 313 3022 methodo
328 2981 477 3038 supersedere
491 2996 559 3040 posse
574 2983 609 3027 rel
625 2982 681 3028 adeo
700 2996 765 3040 supra
781 2982 853 3040 ipsam
870 2995 930 3028 esse.

78 3055 121 3099 Sed
134 3063 158 3101 ut
175 3071 231 3116 qnae
248 3058 353 3102 universe
368 3061 535 3118 exploravimus
551 3064 616 3107 etiam
634 3063 655 3106 in
673 3063 773 3122 partibus
790 3063 836 3109 suls
858 3077 934 3123 agno-

78 3143 179 3194 scantur,
201 3139 301 3197 singulas
321 3140 440 3197 utilitates,
464 3157 519 3202 quas
544 3157 556 3187 a
574 3142 679 3187 methodo
701 3143 782 3202 carique
801 3145 933 3204 disciplinae

78 3218 169 3273 suggeri
195 3222 298 3277 oportet,
323 3222 503 3270 enumerabimus
522 3228 588 3282 atque
611 3222 788 3283 explorahimus,
815 3239 858 3285 quo
880 3227 932 3271 loco
