1979 3399
375 77 579 127 -arr-

45 213 81 253 cst
97 209 159 264 spe?
182 237 210 244 -
228 237 257 244 -
276 236 306 244 —-
323 208 370 257 Nisi
388 210 446 257 l'orte
470 211 573 271 prudenti
596 211 706 271 consilio,
729 211 782 258 ideo
808 212 837 258 de
859 213 902 259 snle

44 293 195 352 interrogatus
212 298 289 350 taces,
306 306 335 338 ne
354 293 453 340 videaris
468 294 596 340 haereticus
611 308 670 353 esse,
687 307 737 340 cum
754 294 901 340 satisfeceris.

44 395 76 409 -ι
91 401 120 409 -
138 373 187 419 Tibi
205 373 247 419 soli
263 374 316 419 licet
331 374 445 420 ecclesiae
461 375 509 418 iura
525 375 626 421 calcare:
642 380 666 421 tu
682 374 789 435 quiequid
805 374 898 432 feceris,

43 467 124 499 nonna
141 454 258 499 doetrinae
275 459 309 499 est
325 481 356 490 --
371 482 402 489 -
414 459 440 510 ¹).
474 453 560 500 Venisti
578 455 606 500 ad
627 468 685 514 nos,
700 469 746 502 non
762 456 785 501 in
802 455 902 501 austeri-

43 539 89 581 tate
105 535 200 595 virgae,
221 534 262 581 sed
279 536 301 581 in
321 534 399 595 spiritu
415 534 559 595 benignitatis
576 541 599 582 et
614 536 711 584 lenitatis
729 542 751 583 et
766 542 900 583 mansuetn-

43 616 117 673 dinis,
133 621 157 660 ut
172 615 316 661 humilitatem
334 615 416 662 Christi
438 617 510 675 primo
536 617 609 661 statim
630 624 735 664 sermone
758 631 897 665 resonares:

43 697 81 758 qui
96 696 222 742 mortalium
244 710 316 757 genus
331 709 378 742 non
395 696 514 742 fulminans
536 701 558 741 et
573 702 667 756 tonans,
691 699 733 745 sed
755 700 777 744 in
795 703 900 759 praesepi
956 754 958 758 ¹

42 778 139 838 vagiens
157 784 180 824 et
196 783 276 824 tacens
299 779 394 825 salvarit
415 779 439 824 111
462 790 537 827 cruce.
555 805 584 813 -
600 778 658 824 Nihil
675 781 734 824 enim
750 781 836 840 grande
854 787 896 840 est,

42 872 122 919 pacem
140 873 198 906 voce
215 859 377 919 praetendere,
397 861 419 903 et
435 871 504 917 opere
523 858 656 904 destruere
677 860 744 905 Aliud
761 863 815 918 niti,
837 862 897 907 aliud

43 941 212 997 demonstrare,
235 939 311 985 verbis
327 952 410 986 sonare
427 939 589 998 concordiam,
611 955 637 985 ra
653 941 746 1001 exigere
761 943 897 988 servitutem.

41 1049 72 1057 -
89 1022 137 1067 Cito
155 1021 284 1081 indignatur
296 1021 396 1078 libertas
412 1020 432 1065 si
448 1019 585 1080 opprimitur.
602 1048 633 1056 -
648 1022 718 1068 Nemo
733 1022 782 1082 plus
796 1025 898 1082 impetrat

42 1103 158 1161 alibero,
171 1116 236 1163 quam
253 1104 290 1163 qni
308 1103 395 1149 servire
412 1114 458 1148 non
476 1104 545 1163 cogit.
577 1102 684 1149 Novanus
702 1115 802 1149 canones
820 1104 899 1149 eccle-

41 1185 159 1231 siasticam
169 1188 198 1240 ²).

103 1266 126 1312 Si
141 1266 207 1325 plane
224 1266 315 1311 vetitum
331 1270 405 1324 esset,
420 1278 451 1311 ne
467 1266 516 1326 quis
533 1266 642 1311 adversus
665 1265 796 1324 episcopum
814 1279 898 1326 quere-

40 1347 75 1393 las
90 1351 201 1404 moueret,
220 1347 328 1392 sacerdos
345 1344 430 1391 Beatus
448 1359 545 1405 poenam
560 1346 694 1400 meruisset,
719 1360 769 1391 cum
786 1346 896 1393 adversus

41 1426 236 1486 archiepiscopum
259 1428 389 1473 Toletanurn
404 1427 540 1484 Etipo-nddm
561 1427 690 1473 exoriretur
712 1440 807 1487 eumque
824 1443 896 1489 oppu-

39 1513 132 1568 gnaret,
153 1509 285 1553 Laurentius
303 1506 380 1566 Ber-a,
404 1508 524 1568 theologus
542 1507 684 1553 Florentinus
707 1513 730 1554 et
745 1510 894 1569 Augustinia-

40 1602 82 1634 nus
109 1589 193 1634 crimen
215 1589 379 1646 cornmisisset,
405 1601 455 1634 cum
478 1587 587 1635 aduersus
612 1588 805 1648 archiepiscopum
822 1590 897 1636 Seno-

39 1683 141 1726 nensem‚
158 1684 170 1715 a
188 1682 231 1729 quo
248 1673 367 1714 accusatus
383 1674 447 1726 erat,
463 1669 565 1730 prodiret
582 1682 676 1728 eumque
691 1681 773 1716 severo
793 1676 815 1716 et
834 1672 897 1716 acri-

40 1756 76 1797 ter
100 1755 246 1811 oppugnaret.
283 1751 329 1796 Sed
350 1755 455 1809 quantam
474 1764 572 1809 poenam
591 1750 679 1796 demum
704 1750 817 1809 lesaitoc,
838 1753 896 1798 socii

39 1832 147 1889 Perronii,
165 1832 198 1878 sic
213 1832 374 1877 commeruisse
388 1830 530 1888 videbuntur,
546 1831 583 1889 qui
600 1830 709 1876 aduersus
725 1834 759 1877 tot
776 1831 895 1890 episcopos

40 1910 113 1958 exorti
137 1915 226 1956 suntet
243 1911 325 1956 faniam
342 1924 419 1956 eorum
435 1911 622 1958 adflictauerunt?
647 1912 671 1957 si
694 1913 761 1971 igitur
777 1912 897 1971 professo-

40 1991 146 2038 resideo
164 1991 344 2051 reprehendendi
359 1995 421 2048 sunt,
441 1993 501 2051 quod
520 1992 549 2037 de
565 1991 735 2051 archiepiscopo
751 1992 820 2038 locuti
837 1998 896 2050 sunt,

39 2073 99 2119 hanc
111 2073 311 2133 reprehensionem
326 2072 385 2118 nulla
401 2073 444 2117 alia
466 2071 494 2116 de
510 2085 580 2117 causa
595 2084 683 2117 merere
700 2077 833 2131 potuerunt,
852 2075 896 2121 nisi

40 2155 102 2214 quod
118 2154 269 2200 cardinalibus
291 2167 369 2199 uerum
383 2153 481 2212 professi
498 2157 555 2199 sunt.
588 2153 633 2200 Sed
646 2166 688 2197 uae
700 2154 796 2212 ueritati,
813 2155 893 2201 iterum

39 2249 83 2281 vae
99 2223 194 2291 ueritati,
211 2236 231 2297 si
248 2247 294 2280 non
310 2234 370 2291 licet,
383 2239 407 2279 ut
422 2247 472 2279 eam
488 2232 546 2292 apud
565 2232 700 2278 cardinalem
715 2234 853 2291 profitearis!

44 2373 46 2376 ἱ
101 2316 220 2377 Episcopis
235 2329 280 2361 non
297 2327 348 2360 esse
360 2314 483 2374 parendum
499 2314 523 2359 in
539 2314 641 2360 ormribus
659 2314 735 2372 rebus,
756 2328 808 2360 esse
824 2317 891 2361 etiam

39 2410 132 2457 prorsus
156 2402 235 2443 contra
258 2396 354 2442 officium
376 2395 399 2441 in
417 2394 549 2455 quibusdam
570 2394 598 2439 iis
613 2407 698 2441 morem
716 2409 814 2455 gerere,
831 2397 855 2443 id
872 2403 894 2458 et

40 2492 81 2538 per
96 2492 121 2525 se
137 2478 198 2524 lucet
220 2482 243 2523 et
258 2477 357 2524 disertior
374 2492 387 2522 a
402 2477 531 2522 beatissimo
547 2481 611 2536 patre
628 2476 739 2536 Gregorio
755 2478 895 2537 1111011110-

40 2561 105 2605 situm
118 2561 139 2603 in
157 2571 184 2603 eo
196 2559 248 2603 loco
264 2572 330 2616 quern
347 2560 401 2618 ipsis
418 2559 497 2618 quibus
514 2559 609 2617 scriptus
625 2563 659 2603 est
674 2558 750 2604 uerbis
761 2559 820 2603 inira
837 2559 894 2604 alla-

40 2641 84 2686 turi
99 2651 182 2685 sumus.
212 2639 235 2683 Si
258 2639 326 2697 igitur
348 2638 531 2701 archiepiscopus
550 2638 892 2686 00100111ηεί111111111οΗ01·-

40 2722 154 2766 mesianos
171 2733 220 2764 eam
236 2719 357 2767 stationem
380 2726 543 2779 occupaverat,
566 2719 652 2778 qualem
674 2720 794 2765 Perronius
816 2721 892 2777 refert,

41 2801 92 2859 quis
108 2799 269 2846 Hermesianos
283 2799 409 2857 uituperare
429 2804 527 2858 poterat,
543 2798 602 2858 quod
620 2812 647 2843 ea
663 2812 720 2858 quae
735 2800 764 2844 ad
780 2814 843 2846 snam
860 2800 896 2844 fa-

40 2894 99 2941 mam
114 2881 352 2939 enisthnationemque,
370 2892 427 2939 quae
444 2879 473 2926 ad
485 2881 597 2926 ecelesiae
614 2876 708 2925 salutem
719 2892 785 2940 quam
795 2881 892 2927 manime

44 3026 245 3038 mcv-„W

83 3100 102 3152 l)
115 3099 200 3151 Epistol.¹
213 3095 394 3137 arlPammachium
409 3101 452 3138 1111.
469 3114 544 3139 errores
557 3102 585 3138 10.
600 3099 677 3137 Hieros.
693 3112 712 3149 p.
729 3101 772 3147 111,
789 3101 832 3148 tta,
851 3101 892 3139 tta.

121 3170 188 3225 (an)

80 3243 101 3294 2)
116 3242 179 3295 Epist.
192 3242 306 3289 01110111,
320 3241 399 3279 Hieros.
418 3240 443 3279 ad
457 3240 600 3292 Theophilum.
616 3239 686 3294 (LXII)
702 3253 721 3293 p.
737 3240 780 3278 125.
