1979 3399
363 74 565 127 -207-

42 232 90 266 rum
108 221 173 275 erat,
199 222 222 262 et
247 219 270 264 in
285 218 329 264 hoc
346 222 408 264 certe
424 216 536 264 tiermesii
558 216 682 266 auotoritas
705 211 764 280 apud
788 211 902 259 studiosos

42 300 169 345 medicinae
186 300 241 345 nihil
258 299 354 345 valebat.
387 301 463 360 ltaque
481 297 576 344 eredere
592 296 677 356 possis,
691 294 858 354 praelectiones
874 295 903 341 de

42 381 154 426 medicina
177 380 408 426 aWindischrnanno
434 379 523 431 habitas
546 390 629 439 magno
653 374 780 422 auditorum
807 389 902 422 nurnero

43 460 169 506 celebratas
187 472 255 515 esse,
280 459 303 503 in
319 458 355 503 his
378 459 450 516 ipsum
468 455 586 500 Herrnesio
606 455 675 516 longe
691 457 831 515 superiorem
850 469 903 502 esse

43 540 156 586 debuisse.
189 537 360 597 [inplorabimus
377 523 451 597 igitur,
469 550 527 596 qliae
543 536 610 582 luerit
626 539 716 596 species
733 539 903 596 auditorioru1n‚

43 623 66 666 in
82 620 161 678 quibus
177 618 391 663 Windisehmannus
416 616 465 674 „ille
482 616 632 662 adornandis«
653 617 681 662 de
702 618 815 675 medicina
832 633 903 679 prae-

42 701 153 746 lectiones
171 698 256 754 habuit,
274 704 296 743 et
312 698 421 758 eligemus
438 699 461 743 in
476 697 620 745 hunalinem
633 696 712 742 decem
724 711 796 744 annos
810 705 903 758 postre-

43 794 111 837 mos,
132 778 211 838 quihus
228 777 319 823 scholas
336 779 360 822 in
378 779 501 823 litterarum
517 778 664 822 universitate
679 777 795 823 Bonnensi
816 778 901 825 hahuit.

44 861 72 905 lli
91 860 150 903 enirn
168 857 286 915 sufficient,
303 863 327 902 ut
341 859 385 902 hac
403 858 431 902 de
448 870 474 902 re
491 857 549 901 iuste
565 855 667 902 iudicare
682 858 801 916 possimus.

108 938 167 990 Quot
189 937 304 982 auditores
321 938 413 982 nomina
432 935 533 995 professi
558 936 617 992 siut,
641 941 668 986 et,
681 936 760 995 quihus
780 938 808 982 de
825 940 907 983 causis.

44 1017 209 1076 praelectiones
226 1018 324 1062 omissae
342 1018 394 1074 sini,
407 1017 450 1075 ipsi
465 1016 602 1075 professoris
618 1019 694 1064 vertis
705 1018 901 1064 Windisehmanni

44 1099 176 1143 referemus.

105 1200 320 1246 Windiselnnannus
337 1199 492 1245 annuntiavit:

222 1328 391 1383 Semestri
413 1328 545 1379 aestivo
571 1346 595 1379 a.
624 1332 713 1382 1827

301 1425 507 1488 Enopelopoediom
523 1427 653 1472 rrtedioioue.

675 1507 720 1565 „ed
736 1507 871 1554 auditor·es.‘⁴

180 1645 347 1698 Semestri
367 1645 519 1696 hiberno
540 1663 563 1696 a.
586 1647 764 1701 assi—28

337 1743 462 1789 Historiam
480 1743 611 1789 ntedichaoe.
652 1770 655 1777 ‹

110 1822 157 1882 „Oh
176 1822 343 1882 impedimenta,
361 1837 418 1882 quae
435 1823 575 1882 aeciderunt,
593 1825 677 1870 omissa
693 1828 749 1870 ests

267 1961 435 2014 Semestri
455 1963 589 2014 aestivo
611 1965 696 2019 1828

183 2059 389 2119 Eocpclopoediom
407 2065 427 2104 et
443 2061 626 2119 nitetltodolopiom
641 2061 772 2106 medicinae.

111 2152 233 2210 „valetudo
257 2153 396 2211 professoris
420 2152 617 2198 lllindisehmanni
642 2153 705 2198 tarde
733 2153 834 2199 restituta
856 2167 904 2200 non

49 2232 155 2287 permisit,
172 2237 195 2276 ut
211 2232 316 2276 semestri
330 2232 416 2276 aestivo
435 2230 525 2276 scholas
542 2231 569 2275 de
586 2232 699 2276 medicina
714 2231 831 2276 haberem

101 2311 166 2363 (Idem
182 2318 249 2349 temen
264 2313 285 2349 in
299 2311 370 2349 ordine
386 2311 555 2362 philosophorum
571 2312 669 2349 lectiones
687 2311 760 2348 habuit
778 2311 804 2347 ile
818 2311 904 2349 historia

51 2375 196 2432 philosophiae
211 2380 317 2432 Orientis.)

117 2523 119 2525 ’
187 2519 762 2575 Semestrihiberno1828—1829

184 2617 389 2676 Enepclopoedioni
405 2624 426 2662 et
440 2619 623 2677 methodolopium
640 2619 770 2665 nteclieiooe.

112 2698 214 2754 „Omissa
232 2702 273 2754 est,
289 2702 410 2755 propterea
426 2698 486 2757 quod
501 2698 618 2758 prolessor
632 2698 844 2745 Windisolnnannus
861 2714 905 2746 va-

52 2774 149 2823 letudine
167 2791 207 2824 sua
223 2776 337 2822 confidere
353 2777 454 2823 nondum
465 2780 552 2837 potuit,
578 2777 681 2838 quodque
697 2777 831 2824 lectionibus
847 2794 904 2838 pro-

52 2856 145 2906 fessoris
160 2857 246 2905 lliilleri
261 2857 297 2902 >his
317 2856 436 2904 desideriis
454 2860 509 2905 satis
525 2860 638 2919 prouisum
655 2862 723 2903 erate

105 2939 168 2991 (ldern
182 2946 249 2977 tamen
264 2939 285 2976 in
299 2937 370 2977 ordine
386 2939 555 2992 philosophorum
570 2945 655 2989 systema
671 2939 815 2992 philosophiae
830 2941 904 2980 lectio-

52 3006 111 3047 nibus
125 3011 165 3048 suls
179 3009 287 3063 eapostrit).
