1979 3399
408 59 613 110 -roo-

88 199 210 248 Occultos
226 198 286 258 fons
301 200 437 261 dctepiiur,
466 201 527 247 uude
543 200 627 247 ltattsit
643 197 788 246 Perrouiue¹
831 196 951 244 Perronio

142 312 258 363 >persona
273 298 419 346 detrahitur.

150 431 270 476 Perronins
287 443 345 489 quac
363 429 454 475 tradidit
478 429 507 473 de
530 429 662 486 Hermone,
684 443 711 475 oa
731 428 848 475 inchoavit
865 431 892 475 alt
910 430 952 475 liae

89 511 258 557 asseveratione
268 527 273 555 :
824 519 827 522 ·

180 591 258 648 „Sese,
276 593 394 646 antequam
411 587 439 632 ad
456 601 548 647 operam
565 590 692 647 accederet,
712 590 855 648 documenta,
871 591 951 651 quilurs

183 670 211 714 ad
227 668 368 728 probamlmn
384 682 440 727 opus
457 674 534 725 esset,
557 669 728 729 diligentissime
743 672 907 729 acquisivisse,
928 678 952 720 ut

181 751 236 795 nihil
254 750 383 806 affirmaret,
400 750 444 793 nisi
462 750 523 808 quod
537 750 601 794 iustis
620 750 770 795 fundamentis
790 752 919 796 niteretur.⁴¹

151 832 196 877 Sed
217 832 262 876 hoc
282 830 349 874 nobis
373 832 450 875 dicere
475 833 608 888 contempsit
634 831 730 889 scriptor
754 833 951 876 accuratissimus,

88 913 148 957 unde
165 912 222 956 haee
239 912 283 956 fida
298 900 432 956 documenta
443 912 554 969 petiverit,
571 912 609 955 ulti
630 912 774 956 limdamenla
791 912 882 966 luerint,
899 915 952 971 quin

89 993 131 1038 ltus
149 1004 162 1037 a
179 1006 204 1037 se
216 996 307 1037 narrata
323 994 454 1037 niterentur.
475 993 511 1038 Sic
528 992 594 1037 uoltis
611 997 745 1052 potestatem
762 993 878 1051 subtraxit,
893 1005 952 1057 ‹pro7

87 1075 160 1119 minus
184 1074 226 1132 ipsi
241 1072 373 1130 videamus,
395 1075 437 1132 ipsi
454 1073 593 1133 iudicemus,
620 1075 652 1120 sic
674 1087 716 1120 nos
739 1080 776 1120 aut
794 1074 896 1119 consulto
916 1079 952 1119 iud

87 1154 168 1199 leviter
184 1165 308 1213 suspensos
325 1159 347 1199 ot
363 1155 463 1200 incertos
481 1154 551 1212 lecit,
573 1168 617 1214 qua
641 1154 708 1200 animi
731 1154 852 1200 allectione
871 1168 950 1200 omnes

88 1235 179 1280 lilrerari
194 1235 287 1291 volunt,
312 1236 349 1294 spii
366 1249 421 1281 vero
437 1242 588 1295 accurateque
603 1236 662 1281 lianc
679 1250 726 1281 rem
743 1238 837 1282 edoceri
853 1238 949 1296 eupiunt.

87 1316 164 1360 Minora
184 1316 252 1375 igitur
266 1317 379 1361 neminem
395 1315 501 1374 habehit,
525 1328 568 1360 nos
592 1316 654 1375 ipsos
678 1317 852 1375 circumspicere
876 1321 899 1361 ct
914 1316 950 1359 in-

89 1397 204 1454 vestigare
237 1409 265 1440 au
291 1396 393 1442 occultos
418 1401 440 1441 ct
464 1396 615 1442 dissimulatos
638 1397 680 1441 lios
706 1395 781 1440 fontes
805 1397 871 1441 ctiam
898 1397 949 1441 sine

88 1476 190 1522 Perronii
208 1476 290 1521 anxilio
309 1475 418 1537 detegere
433 1479 552 1537 possimus.
595 1477 623 1522 Et
639 1489 695 1521 vcro
712 1477 854 1534 deteximus,
875 1490 949 1535 neque

88 1557 244 1602 curtctalrinnn·
267 1571 324 1616 quae
350 1557 474 1601 deteximus
497 1556 664 1600 communicare
685 1569 735 1600 eum
753 1557 836 1600 nostris
854 1556 949 1601 lectori-

88 1638 138 1683 ltus
171 1638 229 1683 Usus
245 1644 279 1684 est
294 1639 415 1685 Perronius
432 1638 547 1682 levissimo
566 1641 686 1695 apparatu,
711 1649 750 1682 res
767 1650 819 1683 suas
836 1650 883 1681 non
899 1637 951 1681 hine

89 1718 152 1776 inde,
169 1718 268 1765 abhibito
285 1719 364 1765 lalrore
381 1726 403 1766 et
415 1719 538 1780 diligentia,
557 1718 661 1779 collegit,
677 1732 723 1764 non
740 1719 808 1777 longe
823 1718 950 1774 arcessivit,

88 1813 134 1845 non
151 1799 315 1858 comportavit,
339 1801 380 1846 sed
402 1802 425 1846 in
449 1801 546 1847 alienam
570 1801 655 1860 sylvam
681 1800 791 1859 expilator
807 1801 904 1858 irrupit,
927 1805 950 1843 et

90 1880 150 1939 (prod
167 1885 235 1938 stare,
253 1880 315 1940 quod
324 1883 424 1927 eminere
443 1895 471 1927 ac
490 1882 573 1927 llorere
589 1882 708 1926 videbatur
727 1881 836 1939 foedavit,
855 1880 950 1926 detrun-

91 1962 158 2018 cavit,
173 1962 276 2007 vastavit
310 1962 342 2006 Tu
360 1963 427 2022 igitur
444 1962 467 2005 in
483 1974 562 2006 manus
579 1962 599 2005 si
615 1961 739 2019 sumpseris

90 2169 293 2229 Cornrireatar'tam
314 2181 346 2227 crit
361 2180 534 2228 celebrandum
551 2184 690 2227 montorium
706 2179 806 2240 Georptt
823 2178 949 2227 Hermesit

435 2265 556 2323 scriptum
572 2275 588 2307 a

316 2412 345 2457 D.
362 2411 463 2457 delicatae
487 2410 601 2457 ll'illtclruo
618 2411 722 2466 Essero,

263 2505 423 2564 pliilosoplitac
436 2505 571 2563 professore
587 2504 775 2559 llouastericnsi,
802 2559 804 2561 Ι

91 2612 176 2657 fontem
195 2612 324 2670 primarium
346 2612 458 2669 habebis,
483 2611 544 2656 undo
569 2611 643 2656 omnia
667 2610 716 2656 lere
733 2616 867 2668 manarunt,
892 2622 950 2668 qnae

92 2692 165 2737 adhuc
189 2698 213 2737 ut
231 2692 385 2737 refutarentur
398 2692 596 2744 rncmoravimus!
638 2692 683 2738 Sed
704 2693 727 2736 in
749 2692 794 2737 lioc
817 2692 879 2735 fonto
906 2688 949 2732 ad-

92 2771 190 2818 hibendo
216 2786 259 2831 qua
275 2785 328 2818 usus
353 2779 388 2819 est
404 2773 532 2819 ·Perronius
557 2773 660 2827 ratione,
683 2784 710 2816 ea
732 2772 798 2816 nimis
822 2770 851 2814 ad
874 2768 950 2813 ironii-

93 2866 145 2899 nem
168 2854 309 2898 noscendum
332 2854 444 2904 luculenta
468 2859 521 2911 cst,
553 2853 619 2897 niims
646 2852 764 2897 manilcsto
792 2850 845 2909 quid
874 2857 950 2894 rerum

94 2940 146 2994 agat
161 2940 184 2980 ot
201 2948 245 2995 quo
263 2934 363 2980 intendat
378 2936 467 2994 prodit,
491 2941 514 2981 ut
531 2935 669 2980 committere
686 2945 732 2976 non
748 2930 876 2989 possimus,
892 2942 951 2987 quo-

88 3003 171 3060 minus
181 3016 274 3076 sinpnlis
292 3017 400 3074 exernplis
415 3017 537 3075 propositis
557 3015 584 3059 ob
601 3014 679 3058 oeulos
695 3011 817 3071 legentium
834 3025 884 3056 eam
902 3011 952 3055 col-

94 3092 202 3140 locemus.
243 3094 307 3149 Quod
325 3097 355 3140 ita
372 3096 408 3141 net
425 3097 556 3154 aptissime,
575 3100 598 3138 nt
614 3094 640 3137 ali
658 3092 748 3137 Essero>
759 3098 851 3139 narrata
868 3093 951 3139 adver-

64 3223 66 3228 ·
94 3186 142 3219 sum
160 3189 187 3221 ea
204 3189 261 3234 (prae
276 3176 376 3220 narravit
394 3175 513 3222 Perronius
530 3174 602 3233 posita
619 3179 769 3231 compareant.
