1979 3399
338 82 536 136 »981-

14 222 90 267 theses
105 226 150 267 tum
168 222 255 268 demum
272 227 334 268 reete
352 221 444 283 intelligi
462 228 567 282 possunt,
591 223 610 267 si
635 221 716 281 placita
732 221 869 266 Lamennaei

15 308 38 348 et
52 303 167 350 Bautaenii
183 305 265 350 iterna
287 318 342 351 vere
365 305 490 350 aberrantis
512 303 708 360 consideraveris,
731 304 751 347 si
775 314 805 345 ex
828 313 872 344 ne.

14 384 252 431 vissimohamcnnaei
269 385 326 430 libro
351 399 394 446 quo
418 389 487 429 totam
503 384 665 444 philosophiam
686 397 749 429 suam
766 381 870 442 exposuit

13 466 163 529 intellexeris,
184 480 235 510 eum
256 479 349 525 prorsus
371 480 421 512 cum
439 468 526 526 ingenti
542 473 633 513 caterva
655 466 811 526 theologorum
826 477 869 510 ca-

12 547 148 592 tholicorum
165 546 342 594 Theodiscorum
356 548 379 592 in
395 546 475 593 eodem
487 547 552 608 plane
568 549 612 595 luto
624 547 772 608 pantheistico
785 546 870 592 haerc-

13 642 51 686 rc,
66 629 86 674 si
102 630 125 674 in
141 633 238 674 mentem
255 630 417 687 revocavere,
434 630 462 675 ab
480 629 649 689 archiepiscopo
669 629 798 676 Coloniensi
814 627 869 673 ilia-

13 709 95 755 reierii
115 709 196 756 librum
221 710 248 757 cle
270 710 409 769 ircgcaiorunn
430 710 583 756 moderatione
598 711 622 755 in
645 711 758 771 religionis
782 710 869 769 leporio

14 790 141 837 damnatum
158 804 209 837 csse
226 794 249 837 in
275 805 348 850 eoque
373 805 451 838 onmes
468 792 533 836 locos
550 792 574 836 in
590 793 669 851 quibus
685 793 721 836 vel
736 792 869 837 vocabulum

12 873 72 917 ratic
98 874 196 918 occurrii
212 871 278 933 nigro
301 862 405 933 stigmate
431 885 482 917 esse
506 873 622 933 signatos,
643 875 662 920 si
686 874 867 919 consideraveris

12 953 72 998 hunc
79 954 209 999 immortalis
219 953 305 1014 gloriae
315 953 501 1018 virumvCol'oniae
510 954 647 1014 Agrippinae
658 956 681 1000 in
691 954 869 1000 taeterrimorum

12 1034 124 1080 eeclesiae
148 1035 245 1080 hostium
268 1049 383 1081 numerum
400 1047 472 1094 nuper
485 1047 537 1080 esse
556 1036 656 1081 relatum.
680 1036 733 1083 'Sed
750 1036 869 1080 redeamus

12 1115 42 1161 ad
52 1115 150 1175 reliquas
162 1116 245 1173 theses,
263 1129 355 1176 quarum
371 1128 428 1177 quae
444 1125 538 1161 nurnero
554 1121 621 1161 secte
638 1120 672 1161 cst
687 1129 717 1160 en
728 1116 794 1161 Brevi
804 1130 868 1161 sum-

11 1201 49 1257 pta
68 1202 110 1255 est,
126 1199 222 1256 septimo
239 1204 312 1243 autem
328 1197 381 1243 inde
397 1212 443 1242 con
460 1198 574 1257 desumpta
592 1202 640 1253 est,
656 1200 739 1241 ceierae
754 1196 808 1241 inde
823 1208 869 1241 non

13 1278 128 1337 desumpta
140 1284 182 1337 est,
198 1293 260 1323 eoric
274 1276 328 1324 inde
342 1293 388 1323 non
403 1279 518 1338 desumpta
535 1283 582 1335 est,
592 1277 677 1323 dceinre
695 1278 748 1323 inde
763 1290 808 1321 nore
824 1277 868 1322 de-

12 1355 97 1419 sumpta
115 1363 165 1418 esi,
188 1360 306 1406 tredecimo
330 1360 382 1405 inde
406 1373 451 1404 cion
468 1360 583 1419 desumpta
599 1365 649 1416 est,
667 1358 798 1404 diroriecimo
813 1359 866 1405 inde

12 1454 59 1485 ricc
75 1441 189 1501 desumpta
208 1446 252 1499 est,
269 1441 336 1486 terrie
353 1441 439 1486 decimo
455 1441 507 1486 inde
524 1454 570 1485 non
588 1441 701 1499 desumpta
720 1444 768 1497 cst,
786 1444 873 1497 (prante>

14 1521 101 1566 decimo
115 1521 230 1569 indemne
245 1522 360 1582 desumpta
373 1526 415 1579 esi,
433 1521 510 1580 ercinia
520 1505 606 1566 decimo
622 1520 674 1566 inde
691 1534 736 1565 uon
753 1521 868 1579 desumpta

15 1607 62 1660 cst,
78 1607 145 1648 secio
161 1603 247 1648 decimo
263 1604 315 1647 inde
333 1617 378 1647 nien
395 1604 510 1663 desumpta
529 1608 580 1659 est,
600 1601 696 1659 septima
711 1602 798 1646 ciecirnc
815 1602 869 1647 inde

13 1696 60 1726 rica
75 1682 190 1743 desumpta
206 1689 247 1741 cst,
264 1684 444 1728 (irredecicesimu
459 1697 536 1729 rursus
557 1683 609 1729 inde
632 1696 677 1727 rien
695 1682 810 1741 desumpta
828 1690 869 1729 est.

14 1764 53 1811 Sin
70 1763 128 1808 hace
144 1777 169 1809 rc
185 1778 241 1810 vcra
258 1778 287 1810 cx
308 1764 374 1810 Brevi
391 1770 476 1823 sumpta
493 1769 569 1821 essct,
587 1777 665 1808 onrncs
682 1764 783 1824 theologi
799 1764 870 1823 probo

15 1845 107 1902 scirent,
125 1859 168 1904 quo
184 1859 221 1890 res
233 1846 379 1891 devenerint!
395 1846 449 1890 Tum
467 1847 525 1890 enim
539 1846 662 1906 Gregorius
674 1845 724 1890 Xl‘l
742 1846 870 1905 dogmatum

15 1939 130 1972 munerum
148 1927 255 1984 auxisset,
271 1940 319 1971 oum
335 1926 436 1971 Romane
448 1927 546 1985 pontifici
562 1940 606 1972 non
624 1929 694 1971 schnn
704 1927 872 1984 primarum

17 2006 268 2064 iurisdictionis,
286 2007 326 2052 sed
345 2009 409 2052 etiam
426 2007 500 2064 prim
508 2012 555 2052 ete
563 2023 584 2051 ni
599 2008 729 2053 ordinis
745 2008 868 2065 tribuisset,

15 2089 77 2148 quod
91 2101 163 2147 usquc
179 2088 208 2133 ad
223 2102 303 2133 anmun
322 2087 380 2134 1837
394 2101 460 2133 neruo
474 2101 503 2133 ex
513 2087 626 2148 theologis
641 2088 758 2133 catholicis
771 2101 868 2147 unquam

17 2169 81 2215 lecit!
97 2168 245 2214 Nihilominus
261 2168 304 2213 hae
315 2168 391 2213 theses
407 2168 517 2213 nihileisi
528 2173 639 2214 oecrnete
654 2168 770 2214 doctrinae
788 2169 869 2214 cetico-

16 2251 75 2295 licoe
93 2249 203 2307 repositio
227 2249 251 2293 in
277 2248 379 2293 caricibus
399 2248 427 2293 iis
450 2248 518 2293 rebrrs
536 2262 586 2293 esse
609 2250 722 2306 seruntur,
743 2249 767 2292 in
787 2249 868 2307 picibus

17 2329 147 2376 Hermesius
171 2327 200 2373 ab
223 2342 251 2373 ec
272 2328 386 2385 discedot,
410 2334 431 2372 ei
455 2329 566 2373 cclcersus
592 2341 649 2385 pices
667 2331 740 2386 ipsum
758 2331 871 2376 decretam

18 2409 122 2470 Gregorii
138 2408 195 2455 xvi
210 2408 314 2453 corissum
330 2408 375 2452 sit!
392 2409 447 2454 Num
465 2408 583 2467 quidtpram
598 2413 698 2454 nestram
716 2415 811 2455 aetatem
827 2411 870 2456 de-

17 2496 97 2537 notare
114 2490 208 2547 iniquius
223 2494 311 2548 petest,
325 2503 390 2548 quam
408 2489 467 2549 quod
484 2490 547 2535 licuit
561 2488 686 2548 professori
702 2491 832 2551 theologiae
848 2493 870 2537 in

17 2571 108 2630 collegio
120 2570 221 2614 Ronmno
237 2569 450 2628 impinlentissirmnu
462 2571 601 2616 mendacium
621 2600 650 2606 -
665 2573 685 2617 si
701 2573 724 2617 in
741 2574 783 2616 hac
801 2586 870 2618 causa

17 2652 75 2698 haec
91 2664 138 2696 vox
160 2663 271 2695 concessa
293 2664 341 2695 non
365 2656 414 2704 est,
436 2664 549 2711 nunquam
572 2665 680 2697 concessa
701 2652 744 2696 erit
764 2679 794 2688 -—
810 2655 868 2712 tppis

17 2732 141 2794 evulgare?
160 2731 194 2776 lix
209 2730 253 2775 hoc
270 2731 318 2789 ipso
337 2732 430 2790 ingenio
453 2732 549 2778 thesium
566 2733 657 2792 proprio
673 2731 770 2792 intelligi
784 2739 865 2792 potest,

11 2805 58 2859 'cur
78 2811 259 2870 archiepiscopus
280 2811 303 2855 in
326 2811 353 2855 iis
376 2813 527 2870 proponendis
546 2814 604 2857 viam
624 2825 716 2871 pmrsus
732 2815 866 2872 peculiarem

18 2893 120 2950 inivcrit,
145 2906 184 2937 cur
208 2906 255 2937 non
281 2896 371 2951 aperte,
391 2894 503 2939 nen‘sibi
524 2899 653 2939 constanter
668 2900 761 2953 ageret,
788 2908 827 2938 cur
844 2894 867 2939 id

20 2980 104 3034 tempus
122 2972 277 3033 exspectaret,
301 2972 374 3017 clance
390 2973 471 3034 aliquis
484 2976 645 3034 promotionem
662 2981 767 3033 cuperet,
790 2981 811 3020 ct
830 2990 870 3021 eur

20 3056 129 3101 adversus
155 3067 209 3110 eos,
233 3054 270 3111 qui
299 3052 441 3099 subscribere
467 3059 611 3110 recusarent,
635 3053 689 3098 nihil
712 3053 801 3099 molitus
827 3058 869 3113 sit,

20 3137 62 3181 uisi
77 3140 101 3181 ut
117 3136 280 3193 promotionem
302 3134 424 3193 quaesitam
446 3136 572 3195 almegaret
591 3141 628 3179 aut
649 3136 741 3180 eosdem
767 3136 797 3181 ad
820 3137 870 3182 loca

21 3217 92 3262 minus
109 3214 213 3275 epiabilia
230 3213 365 3261 amandaret.
406 3215 491 3269 Quodsi
508 3217 615 3282 integram
640 3227 731 3261 causam
748 3218 814 3263 tuitus
830 3231 868 3263 es-
