1979 3399
327 649 637 696 Dissertatio

97 761 101 768 ’
121 753 123 756 ’
166 762 196 808 de
212 759 322 807 methodo
340 759 475 806 tradendae
489 757 626 818 theologiae
642 758 801 818 dogmaticae.

117 892 140 939 Si
158 891 186 937 de
205 889 306 951 generali
326 889 441 949 theologia
458 889 538 949 agitur,
553 887 575 933 h.
594 902 615 933 e.
633 888 662 935 de
678 902 705 934 ea
719 903 777 949 quae
787 890 814 934 de
830 889 917 948 prinei-

55 974 97 1031 piis
119 972 246 1031 theologiae
262 972 355 1030 exponit
370 971 551 1029 praeceptisque,
569 968 683 1028 quornodo
699 969 757 1015 inde·
769 968 917 1014 hauriendum

55 1054 93 1109 sit,
110 1066 188 1097 ornnes
205 1050 271 1096 facile
289 1052 434 1107 conveniunt,
451 1064 478 1094 ea
498 1051 519 1095 in
540 1064 564 1095 re
579 1050 709 1096 methodum
725 1049 859 1108 analyticam
874 1048 917 1093 ad-

54 1132 174 1176 hihendarn
192 1144 258 1186 esse,
274 1143 412 1189 nragnopere
430 1136 504 1175 antem
521 1130 655 1176 dlssentiunt
672 1130 791 1190 theologi,
815 1129 868 1184 rel,
894 1132 918 1172 ut

55 1214 130 1256 verius
148 1211 227 1266 dicant,
244 1215 396 1269 repugnantes
410 1223 451 1255 eos
469 1210 563 1256 offendit
580 1213 608 1268 is,
627 1212 664 1270 qui
681 1211 777 1256 eandem
793 1211 852 1255 hane
868 1223 919 1253 me-

54 1291 146 1336 thodum
161 1291 304 1343 heuristicam
326 1290 355 1336 ad
366 1291 494 1348 ,specialem
522 1304 549 1336 ac
570 1292 691 1350 praecipue
716 1292 745 1336 ad
768 1290 918 1350 dogmaticam

57 1371 195 1430 theologiam
213 1370 325 1429 applicare
350 1384 419 1416 ausus
436 1372 478 1416 erit
500 1372 536 1416 rel
557 1371 615 1417 adeo
639 1373 832 1430 pronuntiaverit,
860 1371 919 1415 hano

56 1452 122 1495 traice
141 1457 216 1508 aptam
231 1462 290 1495 esse.
309 1450 414 1495 Nonnulli
425 1455 498 1494 autern
509 1463 663 1509 quatacumpre
680 1450 708 1494 de
725 1449 831 1494 methodo
850 1449 919 1493 thea-

55 1531 130 1589 logiae
146 1529 251 1588 specialis
268 1543 295 1575 ao
311 1528 432 1588 praecipue
450 1529 592 1589 dogmaticae
617 1531 773 1591 quaestionem
794 1530 859 1589 plane
876 1542 918 1572 su-

55 1623 218 1668 pervacaneam
235 1623 287 1655 esse
305 1614 327 1654 et
342 1609 408 1667 plane
425 1610 524 1654 irmtilem
541 1611 675 1655 existimant.
718 1612 805 1668 Quippe
821 1610 924 1667 opinata,

56 1695 107 1746 tur,
132 1690 151 1734 si
166 1690 293 1748 principia,
316 1690 377 1733 unde
396 1689 502 1748 dogmata
524 1694 571 1734 tam
594 1704 651 1749 quae
675 1696 777 1750 spectant
794 1690 918 1734 doctrinam

57 1769 206 1827 dogmaticam
229 1782 294 1826 quarm
315 1768 423 1812 rnoralem
440 1769 597 1825 deducentium,
626 1771 697 1816 serrrcl
722 1769 841 1814 constituta
866 1769 919 1826 sint,

58 1848 188 1907 theologiae
205 1850 250 1892 iam
266 1848 320 1893 nihil
340 1849 450 1908 reliquum
467 1862 534 1907 esse,
555 1850 599 1896 nisi
622 1855 646 1896 ut
664 1848 919 1917 colligateollectaque,

57 1934 124 1987 prout
145 1942 248 1988 quaeque
263 1931 335 1990 magis
353 1932 455 1977 utiliusve
474 1937 572 1990 cognata
594 1931 651 1987 sint,
675 1931 697 1976 in
716 1929 819 1975 ordinem
835 1935 920 1977 certum

57 2008 152 2068 redigat.
184 2009 246 2054 llaec
264 2011 375 2055 sententia
391 2016 415 2055 ut
430 2010 554 2068 refutetur,
579 2010 616 2056 illa
634 2014 707 2056 autem
724 2010 872 2067 approbetur,
896 2009 919 2052 id

56 2088 113 2133 haec
131 2088 249 2147 disputatio
266 2087 348 2148 duplex
363 2091 501 2148 propositum
520 2092 627 2149 sequitur.
668 2090 726 2134 Nihil
741 2095 858 2147 praeterea
875 2089 918 2132 ad-

57 2167 154 2213 dendum
171 2167 253 2224 haheo,
269 2169 312 2213 nisi
330 2160 482 2226 utinensem,
500 2170 549 2215 lore
567 2175 591 2216 ut
606 2183 647 2229 per
662 2175 731 2215 totam
744 2170 917 2229 disputationem

56 2260 101 2293 tina
117 2246 230 2306 theologia
249 2248 377 2308 dogmatica
394 2254 514 2309 spectetur.

421 2473 499 2518 Ἰ.

119 2585 234 2629 Relutatur
250 2586 359 2629 sententia
378 2600 435 2644 qtrae
451 2587 533 2642 statuit,
551 2598 639 2629 orrrrrem
655 2586 811 2642 (praestionem
829 2585 857 2630 de
870 2600 920 2630 me-

59 2661 128 2708 thodo
146 2665 168 2708 in
186 2664 295 2708 tradenda
318 2664 435 2725 theologia
459 2665 588 2725 dogmatica
610 2665 754 2711 obseruanda
776 2667 842 2725 plane
863 2667 920 2711 reii-

59 2742 160 2787 oiendam
179 2756 237 2790 esse.

120 2824 143 2867 Si
160 2838 214 2880 eos,
237 2823 274 2883 qui
297 2825 426 2871 methodum
443 2828 466 2871 in
482 2827 597 2887 theologia
617 2825 745 2885 dogmatica
760 2826 919 2884 pertractanda

60 2912 105 2946 non
122 2910 249 2960 morantur,
271 2906 418 2964 respicimus,
444 2907 488 2953 duo
505 2921 591 2968 genera
609 2920 687 2950 eorum
703 2907 835 2950 invenimus.
865 2906 920 2951 Sunt

60 2982 119 3027 enim
135 2986 172 3043 qui
188 2985 210 3029 in
227 2984 271 3028 hac
286 2984 403 3045 disciplina
419 3001 507 3033 enarrem
530 2988 558 3033 de
574 2986 681 3032 methodo
704 2986 859 3045 quaestionem
880 3001 921 3032 su-

60 3073 223 3117 pervacaneam
246 3077 298 3110 esse
324 3073 444 3125 propterea
461 3074 557 3128 putent,
584 3067 643 3127 quod
663 3068 712 3125 ipsa
728 3066 786 3111 haec
805 3067 922 3127 disciplina

61 3141 94 3185 eis
110 3157 278 3202 supervacanea
296 3146 392 3207 videtin,
412 3153 448 3208 turi
465 3152 593 3203 methodum
611 3149 744 3206 despiciant,
762 3148 822 3207 quod
835 3149 923 3193 doetri-

62 3232 121 3281 nam,
138 3237 165 3270 ea
185 3227 341 3284 excolendam,
357 3240 405 3272 rem
421 3228 494 3274 levero
512 3234 534 3274 et
551 3227 650 3274 inutilem
667 3240 719 3273 esse
738 3227 839 3273 credunt.
876 3227 919 3271 Alii
