1979 3399
379 80 582 140 „1934

143 227 180 274 Ad
200 228 245 273 hoc
269 225 309 271 tihi
319 225 467 284 profitendum
486 225 620 284 corunellor,
644 239 694 272 oum
710 231 733 272 et
748 240 826 273 verum
842 226 872 273 sii
888 230 911 271 et

143 309 212 368 longe
225 306 291 364 aliud,
309 319 374 366 quam
388 320 431 352 nos
447 320 527 352 omnes
545 308 624 362 [etiam
639 312 670 366 tu,
686 311 710 353 ut
726 320 755 352 ex
770 307 850 352 litteris
866 309 910 353 tuis

143 387 255 447 intelligo]
272 386 421 446 aDnlberqio
438 388 639 447 exspectavinius.“
655 415 686 425 -
703 387 752 433 Fuit
769 392 842 433 antem
853 389 910 434 Dal-

142 468 244 528 lrergius‚
260 468 283 513 in
307 481 351 527 quo
367 468 583 515 Windischmannus
605 473 670 514 vetus
686 468 740 513 illud
756 467 812 514 honi
833 470 911 514 cuius-

145 559 234 606 cunque
258 547 335 592 alacre
354 548 450 594 studium
477 538 621 605 desiderarit,
642 547 817 595 Illuminatorum
834 554 911 596 sectae

144 629 277 688 adscriptus,
294 631 385 674 nomine
401 635 467 676 utens
486 630 613 675 Crescentis
621 634 649 687 1).

50 709 125 768 Atque
146 709 261 767 haeres,
281 709 409 755 emendatio
430 710 567 754 conditionis
590 722 663 767 suae,
688 708 765 754 salarii
785 713 912 768 augmenta,

51 790 142 835 vocatio
161 790 190 834 ad
208 790 378 835 universitatem
395 791 418 834 in
433 789 511 834 urbem
526 788 704 847 Heidelberqum,
721 789 758 833 vel
774 788 848 833 Hales
865 788 912 833 Sce-

53 883 139 913 oeonem
157 869 193 914 vel
211 869 336 927 Gottinqnm
351 869 388 913 vel
406 868 509 913 &asellus
527 868 656 913 Horrorem
666 867 853 925 rellierbipolin,
869 869 913 913 liae

53 948 97 992 iam
111 952 170 1005 sunt,
187 961 245 1006 quae
262 944 406 1006 epistolarum
423 949 487 1007 quasi
501 954 576 993 valum
593 947 670 993 furore
687 950 820 1006 scriptarum
837 954 859 994 et
876 950 914 994 in-

56 1028 160 1073 credibili
172 1041 249 1073 amore
261 1028 387 1073 ardentium
397 1029 446 1073 lere
458 1041 547 1088 semper
564 1029 676 1089 epilogum
693 1029 778 1076 siceum
795 1030 915 1090 frigidum-

56 1122 99 1168 que
119 1109 236 1154 efficiunt.-

148 1207 207 1267 „sed
226 1211 309 1264 tamen,
328 1206 445 1256 carissime
461 1205 560 1264 llliillere‚
578 1208 625 1252 noli
643 1193 688 1253 mei
705 1207 810 1255 oblivisci
825 1211 849 1252 et
864 1219 915 1251 me-

149 1287 243 1332 lioribus
265 1287 322 1331 loeis
341 1287 395 1330 mihi
413 1286 524 1343 consule;
545 1287 583 1332 liic
600 1287 690 1347 quidem
704 1288 778 1333 nmltis
794 1288 823 1333 de
840 1288 915 1333 causis

150 1369 215 1414 locus
233 1381 296 1412 meus
313 1380 359 1412 non
376 1373 432 1412 esur

182 1464 254 1510 Uririm
270 1464 354 1509 etium:
370 1464 480 1510 solliciter
496 1469 522 1508 ut
536 1464 610 1509 ordini
626 1462 749 1509 liberorum
763 1467 917 1508 riritrariormn

153 1546 364 1605 (darios-inmens)
390 1558 425 1588 me
448 1544 623 1589 quscribendum
646 1558 729 1591 erarem.
767 1543 876 1600 Equidem
897 1546 918 1585 el

149 1624 263 1686 inqenirtm
286 1628 308 1667 et
326 1623 470 1680 propositam
492 1635 563 1667 oeree
579 1623 712 1680 disciplinae
729 1615 851 1667 liberorum
865 1635 918 1667 mri-

151 1703 268 1749 roriormm
284 1707 329 1746 iam
342 1701 415 1759 probe
430 1715 498 1746 nosse
512 1702 566 1746 milti
581 1702 675 1758 oicleor,
698 1707 724 1745 ad
739 1708 834 1764 eceteram
849 1702 919 1746 inuu-

152 1782 271 1841 anutione
292 1782 345 1827 aridi
368 1782 410 1826 oisc
433 1782 553 1839 quidquam
576 1781 655 1839 possit.
691 1780 766 1826 Paene
783 1767 919 1838 coradderrier·

154 1860 264 1917 dixerim,
285 1860 371 1918 aliquid
387 1860 494 1905 eornniodi
510 1874 540 1904 ee
556 1860 599 1905 licto
614 1860 721 1905 societate
735 1860 760 1903 in
774 1876 811 1908 me
833 1859 920 1918 redien-

151 1942 257 1985 dnturnm
274 1952 331 1988 esse.
363 1939 409 1983 Sed
431 1954 462 1984 nn
480 1940 503 1983 in
521 1940 585 1984 domo
607 1940 673 1983 liuius
694 1938 810 1984 societatis
828 1939 863 1994 (in
879 1938 920 1983 der

154 2022 242 2081 Leqe),
265 2020 448 2079 quemadmodum
465 2020 489 2064 in
505 2019 601 2065 ecclesia
617 2019 708 2076 ulique,
725 2018 750 2062 id
764 2017 866 2081 utilitatis
882 2019 922 2076 uf-

153 2103 216 2160 ferre
229 2100 334 2158 possim,
357 2100 417 2158 qood
435 2101 498 2144 oires
520 2113 584 2144 meae
600 2100 661 2143 nodio
673 2084 769 2143 'oinerdo
786 2096 922 2143 constrictae

154 2179 296 2237 permitiunt,
321 2179 364 2223 lice
381 2179 408 2223 de
426 2193 452 2222 re
470 2192 498 2224 eu
507 2199 515 2233 9
532 2191 591 2236 quae
607 2182 630 2221 tu
647 2182 755 2234 euporius
772 2176 886 2235 didicisti,
901 2182 922 2221 et

155 2272 214 2316 quue
229 2264 253 2302 tu
269 2258 323 2302 uiilai
339 2271 453 2302 cruciareris
467 2258 509 2314 sis,
528 2258 646 2313 consulere
661 2256 730 2300 colui.

187 2356 214 2401 ln
236 2342 411 2414 supplementum
434 2356 482 2400 eius
507 2355 567 2414 quod
583 2368 651 2413 supra
667 2354 764 2412 scripsi,
781 2354 861 2400 litteris
878 2358 921 2401 tuis

160 2435 236 2480 solatii
253 2435 325 2491 plenis
348 2435 427 2478 iterum
443 2434 582 2491 perlustratis
592 2467 598 2490 ‚
610 2435 655 2478 huc
671 2434 756 2479 addere
774 2434 854 2492 debui,
869 2437 924 2481 mihi

160 2516 206 2561 hoc
222 2514 288 2571 loco,
304 2519 329 2559 ut
342 2513 508 2574 quodammodo
526 2518 643 2560 contentus
658 2514 735 2561 vivere
749 2515 923 2579 possim,1uille

161 2598 290 2659 quingentis
306 2595 398 2641 florenis
416 2608 471 2654 opus
488 2608 546 2641 esse.
891 2579 893 2581 .

186 2674 278 2739 Numae
295 2689 413 2751 Goltirzqae
429 2687 512 2745 aliquid
525 2702 565 2747 pro
580 2702 616 2733 me
631 2689 745 2748 impetrari
761 2688 863 2747 poterit?
879 2687 924 2732 lam

159 2773 219 2831 vale7
230 2786 287 2818 nam
305 2771 389 2830 alioqui
403 2769 470 2815 finem
489 2782 534 2814 non
551 2770 650 2815 inveniov

621 2843 894 2893 Windischmannf‘

76 2991 265 2999 *ΜΨ

114 3047 133 3096 1)
146 3059 164 3083 r.
188 3046 330 3084 niernum-tilia
350 3047 447 3084 historiae
469 3043 598 3083 lacobinismi
618 3046 696 3084 abbans
710 3045 823 3090 misnens,
842 3048 891 3080 tom.
907 3042 926 3078 42

149 3130 169 3166 p.
183 3117 228 3162 289,
244 3125 264 3154 et
277 3119 384 3166 Augustini
399 3116 497 3154 Thoineri
510 3115 613 3153 historiam
628 3118 784 3155 Seminariorum
799 3114 924 3153 clericalium

151 3186 242 3235 Mogunt,
260 3186 316 3224 1833.
330 3200 350 3237 p.
363 3185 409 3227 283.
