1979 3399
392 97 593 151 “186-

62 237 109 286 Sed
126 239 146 285 si
163 241 276 298 comperta
293 237 388 294 luerunt,
406 238 519 297 quornodo
534 242 579 283 tam
596 238 653 284 falso
670 251 765 285 narrare
781 238 871 298 potuit?
896 239 920 284 Si

63 332 110 364 uon
127 319 222 376 luerunt,
239 319 352 377 quomodo
367 319 416 364 lieri
431 321 511 379 potuit,
526 324 550 364 nt
566 324 611 364 lam
628 320 718 366 sinistre
735 334 793 380 quae
807 334 854 366 non
866 334 920 366 vera

66 403 111 447 sint
127 400 258 459 proferret?
300 400 349 446 Una
366 402 467 448 Perronii
482 402 552 447 verba
566 402 610 447 hoo
626 403 648 447 in
666 417 691 448 re
711 404 840 463 sequimur,
866 403 922 447 nihil

65 495 108 527 nos
125 483 184 527 scire
203 482 322 539 volumus,
347 484 390 530 nisi
407 498 463 544 quae
482 484 583 530 omnibus
606 485 697 544 cognita
718 488 782 541 sunt,
807 489 922 529 ettamen

65 576 122 623 quae
139 561 207 607 modo
225 562 330 621 diximus,
347 565 466 611 manilesto
485 565 693 611 demonstrabimus.

129 644 249 704 Postquam
265 644 386 693 Perronius
402 662 423 707 p.
432 647 461 694 ab
477 662 574 708 pugnam
586 647 695 693 adversus
707 646 844 693 Hermesium
860 652 922 693 tanto

64 728 161 788 strepitu
175 733 297 788 pugnatam
314 742 373 787 esse,
390 734 413 774 ut
428 742 504 774 rumor
514 728 607 774 Romam
622 742 694 788 usqne
710 730 851 788 pervenerit,
868 743 923 775 nar-

62 809 128 867 ravit,
145 822 279 870 sacramque
297 810 374 855 sedem
388 823 415 855 ea
429 808 458 854 de
470 823 495 854 ra
513 809 599 855 litteras
612 824 625 855 a
641 809 719 854 nuntio
734 821 774 854 suo
791 808 924 854 hlouaeensi

63 888 215 949 postulavisse
230 889 311 947 retudit,
329 889 356 934 ab
373 902 401 933 eo
418 887 529 934 adduntur
545 887 619 934 haee:

157 970 261 1030 „interim
279 970 460 1031 archiepiscopus
472 970 621 1029 Coloniensis,
635 971 692 1017 liher
707 972 762 1017 baro
782 971 810 1017 de
827 972 925 1032 Spiegel,

159 1065 252 1113 operam
268 1052 342 1112 dedit,
364 1058 387 1098 ut
402 1054 541 1099 Hermesium
555 1054 640 1099 Romae
657 1054 797 1112 defenderet,
811 1068 861 1099 cum
874 1054 926 1113 plu-

159 1137 221 1182 ribus
237 1137 315 1184 litteris
332 1136 495 1194 contenderet,
521 1136 570 1182 eius
595 1137 734 1198 doctrinam,
763 1150 828 1195 quam
852 1136 927 1195 plures

161 1222 317 1279 oppugnarent
332 1231 405 1277 neque
423 1223 498 1263 tamen
515 1219 680 1280 intelligerent,
704 1219 794 1264 omnino
816 1217 928 1262 orthodo-

159 1314 212 1344 xam
237 1312 295 1346 esse.
329 1299 408 1357 Iloprre
429 1313 477 1344 rens
492 1300 579 1359 leuphis
592 1300 701 1358 persequi
717 1305 770 1344 torro
793 1311 838 1343 non
855 1299 929 1344 ’6111111

159 1385 214 1425 6111

191 1463 249 1521 „Sed
266 1474 316 1506 oum
334 1475 411 1507 runror
429 1463 540 1508 Hermesii
557 1467 678 1521 systemate
693 1464 818 1515 excitatus,
835 1462 926 1508 nomine

160 1544 252 1590 eiusab
271 1543 378 1603 aliquibus
394 1544 554 1603 principalibus
572 1544 706 1590 Germaniae
728 1543 886 1590 sacerdotibus
904 1549 927 1590 et

164 1625 333 1686 professoribus
352 1625 433 1683 delato,
451 1627 536 1672 Romae
552 1626 696 1685 valesceret,
712 1640 731 1673 s.
749 1625 816 1672 sedes
833 1626 881 1670 eins
894 1627 929 1671 rei
954 1656 958 1672 1

163 1708 274 1753 rationem
295 1707 387 1764 habuit,
417 1713 440 1752 et
466 1709 511 1753 iam
535 1721 595 1752 anno
619 1706 679 1753 1333
704 1710 810 1752 accurate
833 1707 857 1751 in
879 1720 929 1752 eam

163 1789 284 1848 Inquisivit.
347 1790 403 1834 Dum
428 1789 485 1834 haec
519 1794 629 1849 aguntur,
663 1792 771 1848 patronus
801 1788 928 1847 Hermesii‚

166 1870 223 1916 haro
250 1871 278 1916 de
299 1870 405 1930 Spiegcl‚
432 1874 533 1915 mortuus
556 1876 597 1928 est,
620 1871 708 1929 iamque
732 1868 857 1915 delationes
884 1869 928 1914 do-

164 1952 253 1997 ctrinae
270 1951 319 1996 cius
336 1952 410 2003 acrius
434 1951 463 1996 de
486 1952 575 2011 integro
594 1950 760 2010 comparebant.
799 1949 868 1997 Simul
885 1963 928 1996 ex-

163 2032 261 2093 ploratio
278 2032 364 2079 Romae
386 2034 484 2080 instituta
510 2033 609 2092 pluribus
634 2031 797 2092 exemplaribus
812 2032 927 2092 utriusque

165 2114 366 2172 ⁷,Introductionid
382 2128 431 2159 eam
447 2114 471 2159 in
486 2114 564 2159 urbem
583 2115 658 2161 missis
680 2114 771 2160 multum
794 2114 868 2159 adiuta
885 2119 926 2159 est.

164 2195 228 2242 Haec
244 2195 368 2255 exploratio
386 2195 442 2242 dnos
458 2197 507 2241 fere
528 2209 600 2242 annos
620 2197 724 2254 duravit,
752 2200 774 2242 et
795 2197 854 2242 inter
871 2196 927 2242 alios

165 2276 232 2320 etiam
249 2276 317 2334 aliqui
333 2276 435 2337 theologi
450 2275 571 2322 Theodisci
587 2277 680 2323 adhibiti
695 2282 766 2324 111111.ιζ

74 2355 137 2402 Haeo
152 2355 221 2402 tradit
236 2360 314 2401 noster
332 2356 412 2402 doctor
427 2357 555 2402 Perronius.

135 2435 183 2480 Iam
207 2449 294 2480 memor
318 2440 412 2492 teneas,
436 2437 543 2496 Spiegelii
566 2437 651 2482 litteras
674 2436 762 2482 demum
786 2447 844 2481 anne
869 2436 927 2482 1335

71 2516 166 2562 Romam
180 2514 322 2573 pervenisse.
356 2514 432 2571 ltaque
448 2518 499 2558 ante
516 2514 560 2559 hoe
577 2520 678 2575 tempus,
703 2523 727 2563 ut
745 2518 863 2563 Petronius
879 2519 928 2577 ipse

72 2597 181 2654 narravit,
197 2595 256 2640 nulla
267 2593 391 2652 exploratio
406 2594 503 2639 instituta
519 2599 559 2640 est.
577 2595 661 2643 hlemor
669 2602 756 2656 teneas,
769 2602 928 2655 postmortem

73 2676 182 2738 Spiepelit'
200 2676 288 2720 demum
306 2673 430 2719 delationes
449 2675 522 2720 acrius
540 2676 568 2720 de
584 2678 673 2738 integro
686 2681 846 2739 comparuisse,
864 2692 928 2724 eam-

73 2771 117 2818 que
133 2770 225 2804 causam
241 2756 320 2812 fuisse,
337 2768 377 2801 cur
391 2767 447 2800 vera
463 2756 585 2814 exploratio
602 2759 760 2806 institueretur.
792 2759 837 2807 Sed
851 2772 928 2804 comes

75 2841 105 2886 de
119 2839 210 2898 Spiegel
226 2842 326 2883 mortuus
342 2841 377 2882 est
395 2836 408 2881 2
427 2836 463 2880 die
478 2839 562 2883 mensis
578 2838 674 2899 Augusti
691 2855 710 2886 a.
731 2840 806 2897 1835,
822 2840 888 2897 sive,
904 2845 928 2885 ut

72 2919 153 2965 litter-is
171 2920 351 2977 perscribamus,
378 2917 479 2963 secundo
496 2918 532 2963 die
547 2920 643 2980 Augusti
659 2922 712 2966 anui
727 2921 837 2977 millesimi
852 2922 928 2966 octin-

73 3000 194 3061 gentesimi
210 3000 317 3045 tricesimi
334 3001 419 3060 quinti,
445 3006 510 3061 atque
526 3002 598 3048 Breve
615 3003 724 3049 adversus
740 3003 879 3049 Hermesium
898 3002 927 3047 96

75 3078 112 3124 die
127 3080 264 3140 Septembris
281 3081 342 3126 1835
357 3082 484 3143 evulgatum
501 3088 541 3128 est.
586 3085 662 3144 ltaque
680 3086 739 3131 inter
752 3089 846 3129 mortem
862 3084 928 3142 Spie-

74 3159 130 3219 gelii
146 3167 168 3206 et
182 3162 255 3208 Breve
270 3163 398 3222 evulgatum
414 3158 483 3206 medii
500 3166 550 3205 sunt
565 3161 612 3207 dics
630 3162 797 3222 qninquaginta.
834 3160 928 3205 Etiamsi

76 3252 194 3300 ponamus,
209 3247 353 3299 praestantes
369 3243 419 3289 tltos
433 3241 579 3302 professores
595 3257 681 3303 pennas
699 3248 722 3290 et
738 3242 830 3290 chartae
846 3241 928 3302 plagu-
