1979 3399
415 119 596 172 ..7p„.

138 260 191 306 Tam
207 260 264 305 male
280 260 400 305 l'crronius
416 258 452 303 vel
468 272 495 303 ea
513 258 580 303 tradit
596 272 653 318 quam
670 273 699 305 en
717 261 773 307 actis
788 261 874 307 Romae
891 271 931 306 as-

79 344 176 388 servatis
192 341 284 386 edoceri
299 340 386 401 potuit,
408 344 431 385 ct
452 339 595 386 nihilominus
618 339 678 401 idern
693 340 787 400 scribit,
811 356 863 390 sese
878 340 934 388 nihil

79 423 211 480 al'linnassc,
228 423 271 466 nisi
286 420 347 480 quod
362 421 431 475 lirinis
447 421 596 467 fundamentis
612 422 728 466 niteretur.

287 589 367 638 lndeac
384 590 516 640 doracenus.
535 618 564 625 -
582 591 729 639 Stcttleras.

140 726 177 771 Ad
201 729 354 787 suspicionem
378 730 401 774 in
419 730 558 775 Hermesium
574 729 707 774 mouendam
724 734 747 774 et
763 734 814 773 ante
830 733 862 785 (p.
882 727 930 780 10.)

78 809 199 856 Perronius
222 811 330 870 tradidit,
356 826 406 858 eum
431 811 529 858 Stattleri
546 811 651 871 operibus
667 823 732 857 usum
756 822 824 867 esse,
841 820 935 869 qnorum

79 905 161 952 magna
178 906 243 953 pars,
260 899 284 939 ut
299 895 379 954 cuique
392 899 537 954 compertum,
553 896 576 940 in
592 895 690 940 indicem
710 893 817 937 librorum
832 889 935 949 prohibi-

80 978 154 1019 torum
179 974 251 1020 relata
274 975 315 1033 sit,
344 980 366 1019 et
389 976 433 1020 iam
453 981 485 1035 (p.
505 975 553 1034 19.)
574 975 604 1021 ad
626 974 719 1022 eosdem
736 974 806 1021 libros
829 982 935 1017 reversus

82 1059 176 1100 narrat:
635 1066 637 1069 ’

178 1148 329 1206 ,hermesinm
349 1163 408 1195 anno
434 1151 492 1197 1807
517 1150 660 1210 dogmaticae
683 1150 706 1194 in
721 1148 867 1193 universitate
885 1145 937 1210 llo-¹

174 1230 310 1275 nasteriensi
332 1230 486 1289 professorem
512 1237 610 1277 creatum
634 1244 702 1288 esse,
732 1228 807 1287 ibique
837 1226 936 1273 Stattleri

175 1310 264 1368 scriptis
286 1313 417 1371 saepissime
435 1325 500 1358 usum
521 1326 591 1372 esse,
617 1323 716 1356 cumea
736 1308 862 1354 Theodisce
879 1320 937 1353 con-

177 1394 284 1448 verteret,
300 1405 357 1451 quae
373 1393 490 1439 Stattlerus
504 1393 583 1440 Latine
600 1391 795 1451 conscripsisset.t

81 1470 207 1528 Antequam
231 1484 289 1530 quac
312 1473 335 1518 in
353 1472 388 1518 his
404 1474 461 1520 falso
479 1475 561 1519 tradita
577 1479 629 1519 sunt
647 1472 799 1532 corrigamus,
814 1471 843 1516 dc
860 1469 938 1514 lndicc

82 1551 191 1595 librorum
207 1553 369 1611 prohibitorum
387 1554 496 1613 dicemus,
513 1560 538 1600 ut
554 1555 693 1611 definiamus,
710 1553 739 1598 ad
756 1565 820 1612 quarn
837 1563 938 1597 normam

83 1632 185 1677 l'erronii
202 1634 343 1691 suspiciones
360 1635 383 1679 in
401 1634 444 1679 hac
461 1649 487 1679 re
503 1633 630 1693 exigendae
649 1633 700 1679 sint.

147 1714 195 1758 Duo
213 1719 264 1758 sunt
282 1714 360 1774 quibus
377 1720 456 1761 natura
474 1720 497 1760 ct
512 1715 600 1761 indoles
617 1713 731 1759 ecelesiae
746 1711 870 1758 catholicae
881 1724 940 1757 con·
967 1697 968 1700 Ἰ

86 1794 189 1852 stituitur,
208 1795 290 1856 dogma
306 1801 329 1842 et
345 1796 467 1856 disciplina.
500 1788 656 1856 Unusquisque
673 1793 808 1850 Catholicis,
830 1806 873 1853 qua
889 1792 940 1838 talis

87 1875 164 1921 officio
180 1881 275 1934 tenetur,
291 1881 315 1922 ut
331 1877 434 1936 quodque
453 1878 543 1937 dogma,
562 1877 622 1937 qnod
637 1875 735 1935 legitima
751 1876 870 1920 auctoritas
882 1874 940 1919 deh-

89 1959 153 2016 nivit,
171 1958 215 2003 tido
232 1958 305 2004 animo
324 1959 408 2004 credat.
441 1959 483 2013 Qui
501 1959 583 2019 dogma
599 1956 690 2017 aliquod
705 1957 800 2001 credere
818 1955 940 2010 recusavit,

90 2037 214 2084 catholicus
231 2052 282 2085 esse
299 2038 372 2084 desiit.
404 2038 475 2084 Aliter
490 2052 542 2084 sese
557 2052 595 2084 res
611 2037 679 2083 habet
694 2038 717 2082 in
739 2036 861 2096 disciplina.
893 2036 942 2082 Hu-

87 2120 122 2164 ius
138 2131 178 2178 pro
200 2118 246 2165 loci
262 2124 285 2165 et
304 2120 410 2179 temporis
426 2120 513 2165 ratione
533 2119 697 2179 ‘discrepantias
716 2131 766 2163 esse
784 2117 844 2175 licet,
862 2116 942 2175 quibus

89 2198 212 2244 substantia
231 2203 253 2245 et
267 2200 341 2245 unitas
358 2199 505 2245 catholicismi
519 2213 566 2245 non
580 2199 681 2245 laeditur.
698 2198 730 2244 lta
745 2212 766 2244 v.
776 2212 795 2244 c,
812 2198 942 2256 disciplinae

90 2284 132 2335 est,
151 2278 211 2337 quod
226 2281 293 2324 vitam
312 2277 418 2326 caelibem
434 2293 503 2340 agere
520 2280 603 2325 debent
621 2280 699 2325 clerici
711 2280 816 2336 Romani,
834 2284 856 2324 et
871 2292 944 2338 qnan-

91 2372 157 2418 quam
176 2360 256 2405 Graeci
278 2361 333 2405 uniti
350 2359 401 2405 huic
414 2363 553 2420 praescripto
574 2373 620 2404 non
639 2360 804 2418 obsequuntur,
822 2364 896 2404 tanren
914 2359 943 2405 ob

92 2454 142 2484 eam
151 2452 240 2484 causam
252 2452 281 2485 cn
294 2441 402 2485 societate
414 2440 525 2485 ecclesiae
534 2439 658 2485 catholicae
671 2439 807 2485 nullomodo
820 2440 944 2485 excludun-

95 2527 137 2566 tur.
170 2521 293 2566 Concilium
309 2521 475 2579 'lridentinum,
496 2523 596 2582 quamvis
615 2522 745 2566 auctoritate
768 2534 807 2568 sua
828 2522 944 2581 plurimum

92 2601 168 2647 ualeat
179 2603 202 2646 in
212 2607 258 2646 tota
268 2602 366 2647 ccclesia
380 2602 497 2659 catholica,
516 2607 589 2647 tamen
603 2601 732 2660 disciplinae
746 2609 866 2662 praecepta
877 2603 945 2661 (ledit,

97 2697 191 2743 quorum
201 2696 247 2729 non
259 2697 331 2743 pauca
341 2685 364 2729 in
374 2684 467 2744 singulis
478 2685 543 2730 terris
558 2684 681 2741 catholicis,
691 2686 789 2744 quamvis
797 2690 848 2743 pest
857 2684 946 2744 expleta

94 2779 166 2826 paene
176 2766 218 2811 tria
228 2766 326 2823 saecula,
340 2766 439 2812 nondum
454 2771 543 2824 recepta
554 2771 610 2812 sunt.
628 2766 673 2811 lam
682 2766 710 2811 ad
720 2766 858 2826 disciplinam
869 2767 946 2811 eccle-

93 2848 142 2893 siae
162 2849 259 2906 pertinet
280 2849 347 2893 ctiam
367 2848 491 2892 institutum
507 2846 590 2892 Indicis
607 2847 714 2905 Ronmni,
730 2848 751 2892 h.
769 2861 788 2892 e.
807 2847 886 2892 notitia
903 2861 947 2906 pu-

93 2928 151 2973 blice
166 2930 290 2989 perscripta
307 2942 384 2974 eorum
400 2928 520 2984 librorum,
545 2929 581 2987 qui
596 2929 648 2974 fidei
663 2928 774 2987 bonisque
789 2928 887 2974 nioribus
904 2929 947 2973 da-

94 3022 168 3053 unmm
189 3010 270 3056 allerrc
293 3010 448 3054 existimantur
470 3020 482 3051 a
507 3006 689 3068 Congregatione
705 3010 728 3053 in
745 3008 800 3052 urbe
816 3007 902 3054 Romae
918 3008 947 3053 ad

97 3088 142 3132 hoc
153 3092 266 3148 negotium
283 3091 410 3146 constituta,
429 3101 521 3147 quorum
537 3088 603 3135 lectio
620 3090 679 3134 hanc
698 3089 726 3133 ob
744 3102 834 3135 causam
852 3088 948 3134 catholi-

96 3169 137 3226 cis,
153 3169 196 3213 nisi
211 3172 316 3228 peculiari
332 3170 480 3231 prennissionc
496 3170 618 3228 impetrata,
634 3184 679 3216 non
696 3168 805 3228 permissa
822 3175 863 3218 est.

158 3250 207 3297 Non
225 3252 296 3297 omnis
311 3251 368 3300 liber
384 3254 406 3298 in
422 3251 482 3297 hunc
497 3250 595 3297 indicem
608 3250 752 3299 demandatus
765 3251 872 3297 haeresos
889 3263 947 3297 cone
