1979 3399
142 226 164 270 in
182 237 207 269 se
225 223 372 281 adaequatum
394 223 543 279 potentiarum
561 221 691 265 exercitium
708 220 789 276 habet;
813 222 904 268 scilicet

142 321 167 353 se
184 303 356 363 contemplando
373 308 395 348 et
413 305 525 349 amando:
542 308 635 348 externa
653 316 709 363 erge
729 316 802 362 neque
819 302 903 348 addunt

141 387 288 446 potentiarum
307 387 355 431 eius
371 388 481 431 exercitio
498 398 571 444 neque
590 384 688 443 demunt,
704 369 780 443 utpote
797 389 848 428 ante
864 384 902 428 in-

139 467 222 512 finitae.
261 466 417 511 indifferenter
438 468 506 527 igitur
528 480 552 512 se
568 465 636 512 habet
658 466 687 510 ad
709 478 737 510 ea
758 466 833 524 Deus,
859 478 902 511 neo

139 548 212 608 placet
229 548 259 592 itti
276 547 320 593 hoc
337 548 468 593 exercitium
485 549 515 593 ctct
530 552 604 605 extro,
619 548 663 593 nisi
680 547 729 606 ipse
745 559 770 591 se
786 547 816 591 ita
833 560 902 591 exer-

142 644 194 675 cere
213 629 316 690 elegerit,
333 634 357 674 ut
375 629 461 675 dicetur
478 629 543 674 infra.
567 630 641 687 Atque
657 628 710 673 binc
725 628 844 674 manifeste
861 642 901 674 se-

140 711 230 769 quitur,
257 710 363 755 mundum
379 716 424 755 tam
440 711 500 755 bene
516 723 541 755 se
557 709 662 767 habere,
687 723 752 769 qiiam
772 710 799 755 ab
816 710 901 755 infinita

138 793 238 851 potentia
261 797 283 836 et
308 792 408 836 bonitate
430 791 479 836 fieri
503 791 579 852 potuit.
623 791 676 836 Cum
694 793 753 836 enim
770 793 901 836 exercitium

137 874 252 933 potentiae
265 872 362 932 diuinae,
379 874 551 925 communicatio
566 873 680 930 bonitatis,
695 873 751 917 sines
768 878 826 931 sunt,
843 886 902 932 quo-

136 968 185 999 rum
200 955 273 1013 gratia
290 953 386 999 mundus
403 953 534 999 fabrifactus
550 959 591 1011 est,
608 953 696 999 dubium
713 966 759 998 non
777 957 825 1011 est,
848 954 901 1011 quin

137 1033 193 1081 fines
209 1047 249 1080 eos
266 1040 384 1080 assecutus
401 1035 449 1080 sitt‘

171 1117 241 1175 „Novi
257 1118 405 1162 comnmniter
423 1117 467 1161 diei
482 1115 586 1163 mundum
604 1116 717 1161 conditum
735 1128 787 1160 esse
805 1116 833 1161 ad
849 1116 902 1176 gio-

139 1198 195 1241 riam
212 1196 269 1253 Det,
287 1197 328 1241 sed
345 1196 390 1241 hoc
408 1195 620 1254 dabpmaoacbai43
644 1197 725 1242 eodem
749 1198 808 1242 enim
832 1198 900 1243 modo

138 1277 218 1335 cupido
237 1277 324 1335 gloriae
341 1277 443 1322 tribuitur
452 1277 509 1334 Deo,
525 1290 569 1335 quo
585 1278 706 1335 ira‚a1nor‚
723 1277 829 1334 vindicta⁷
842 1291 900 1323 ocu-

136 1357 150 1400 li
172 1362 195 1401 et
216 1370 301 1402 manus.
340 1356 394 1401 Cum
416 1359 484 1416 igitur
507 1359 616 1417 scriptura
638 1372 681 1404 nos
708 1358 775 1404 docet
794 1358 899 1404 mundum

135 1437 164 1481 ad
179 1437 274 1497 gloriam
291 1438 333 1482 Dei
349 1442 447 1482 creatum
464 1437 552 1494 fuisse3
575 1438 742 1498 intelligendum
761 1443 810 1495 est,
836 1425 910 1498 pirod-

137 1521 240 1564 attributa
258 1520 340 1577 divina,
359 1520 446 1565 scilicet
457 1521 564 1578 potentia,
580 1520 671 1565 bonitas
687 1526 709 1565 et
720 1520 836 1578 sapientia⁷
851 1526 896 1566 tam

102 1609 104 1611 ’
136 1600 197 1645 clare
214 1600 345 1645 elucescunt
361 1600 384 1644 in
401 1600 506 1657 operibus
523 1601 587 1657 eius,
609 1613 636 1644 ao
661 1599 681 1646 si
702 1599 756 1645 nihil
779 1602 802 1646 in
820 1603 894 1647 animo

133 1681 249 1726 habuisset
264 1694 292 1725 ea
308 1680 427 1725 condendo
446 1687 536 1739 praeter
554 1682 727 1726 ostentationem
743 1680 836 1739 barum,
852 1695 895 1726 nee

134 1762 260 1819 potuissent
277 1762 298 1804 ei
314 1761 352 1804 tini
368 1762 439 1819 aptius
456 1761 575 1817 trisenon-e,
593 1760 613 1804 si
628 1760 657 1806 ad
673 1761 768 1819 gloriam
785 1762 895 1808 destinata

134 1840 240 1897 fuissent,
263 1840 304 1885 sed
320 1841 397 1885 stricte
414 1839 527 1899 loquendo
544 1841 644 1898 potentia
661 1842 738 1887 divina
753 1848 788 1888 est
804 1842 895 1901 infinita,

135 1925 221 1966 etcum
238 1921 284 1980 agit
299 1921 321 1965 in
334 1920 475 1965 commodum
489 1926 647 1978 creaturarum,
665 1921 746 1968 limites
763 1937 808 1969 non
825 1927 894 1982 nouit,

65 2055 69 2059 ,
133 2015 177 2046 neo
199 2001 267 2046 habet
291 2002 380 2048 bonitas
403 2002 447 2047 Dei
470 2001 627 2048 limitesatios
650 2010 740 2063 praeter
762 2007 893 2064 sapientiam

134 2088 236 2128 suamet
255 2085 378 2142 potentiam
401 2096 458 2141 qsrae
481 2085 548 2128 etiam
564 2084 662 2128 infinitae
678 2090 736 2129 sunt.
768 2086 796 2132 Et
813 2100 893 2131 revera

131 2162 177 2208 hoc
192 2166 288 2221 maxime
313 2163 342 2207 ad
356 2163 452 2222 gloriam
468 2162 512 2206 Dei
528 2163 596 2222 facit⁷
618 2165 723 2211 mundum
740 2168 827 2212 scilicet
843 2182 893 2214 cum

132 2243 232 2288 bonitate
251 2258 336 2289 smmna
352 2250 465 2290 creasset

39 2322 152 2368 Hactenus
165 2325 284 2383 episcopus
299 2325 438 2384 Angtioanus
456 2324 557 2385 [simp-ios.

103 2402 187 2447 Horum
211 2409 394 2462 argumentorum
407 2406 442 2449 vis
461 2410 482 2449 et
498 2408 619 2450 auctoritas
638 2407 692 2451 satis
715 2417 797 2465 graves
820 2410 891 2460 erant,

17 2526 21 2541 ‚
40 2487 64 2526 ut
84 2482 164 2528 multos
185 2481 305 2541 theologos
322 2486 472 2540 protestantes
490 2484 630 2541 impetterent
649 2485 745 2529 adeam
764 2486 891 2544 opinionem

39 2563 175 2607 mittendam.
209 2561 326 2619 Catholici,
344 2561 452 2606 siminus
469 2574 559 2619 onmes,
576 2568 599 2607 at
613 2563 700 2621 plurimi
716 2570 793 2624 certe,
818 2568 891 2613 tradi-

39 2645 124 2689 tionem
142 2642 253 2688 ecctesiae
268 2641 426 2700 sequebantur.
468 2640 541 2700 Atque
557 2642 601 2688 hoc
617 2646 730 2702 quomodo
747 2646 811 2692 aliter
832 2649 890 2706 apud

40 2736 81 2767 eos
99 2722 147 2767 fieri
164 2724 241 2781 potuit⁷
259 2735 308 2778 oum
326 2720 483 2766 ooteobtsmmn
498 2722 585 2766 conectit
602 2723 725 2769 Tridentini
738 2725 788 2771 sice
803 2727 890 2774 Rotna-

40 2817 92 2847 num
106 2802 208 2848 manibus
224 2804 270 2847 suis
281 2806 384 2847 tenerent
400 2806 466 2859 atque
482 2809 604 2861 versarent,
620 2805 643 2849 in
657 2819 700 2864 quo
709 2806 767 2852 haec
779 2808 889 2867 doctrina,

40 2888 64 2927 ut
81 2883 191 2938 vidimus,
213 2882 291 2926 verbis
307 2881 496 2926 manifestissimis
512 2885 660 2941 proponitur?
692 2886 783 2933 Praeter
799 2895 889 2935 ceteros

41 2963 108 3022 igitur
124 2962 226 3008 videmus
252 2961 329 3006 tavei-e
345 2962 397 3007 huic
413 2962 513 3020 opinioni
528 2975 620 3025 eamque
637 2967 735 3025 profiteri
750 2966 888 3027 Fenetonem,

40 3057 60 3089 s.
75 3042 220 3087 monaciscum
238 3041 347 3099 aestates,
364 3041 460 3097 Estiom,
471 3040 590 3090 Antonium
601 3046 744 3105 Gettoenscm,
760 3049 888 3110 theologum

39 3124 113 3170 minus
127 3135 154 3166 ac
171 3127 268 3168 meretur
287 3122 344 3181 apud
360 3136 401 3167 nos
420 3123 541 3183 cognitum,
558 3123 686 3171 Stctttemon
701 3129 724 3172 in
741 3127 823 3173 Etbicu
839 3131 887 3177 eius

41 3201 173 3250 Christiano
188 3199 319 3258 carcinomati,
334 3203 459 3259 nmttosqne
476 3200 532 3247 alios
548 3217 603 3262 qtios
611 3208 728 3254 nominare
744 3222 790 3255 non
801 3211 887 3257 attinet.
