<?xml version="1.0" encoding="UTF-8"?>
<!DOCTYPE html PUBLIC "-//W3C//DTD XHTML 1.0 Transitional//EN"
    "http://www.w3.org/TR/xhtml1/DTD/xhtml1-transitional.dtd">
<html xmlns="http://www.w3.org/1999/xhtml" xml:lang="en" lang="en">
 <head>
  <title>
</title>
<meta http-equiv="Content-Type" content="text/html;charset=utf-8" />
  <meta name='ocr-system' content='tesseract 3.04.00' />
  <meta name='ocr-capabilities' content='ocr_page ocr_carea ocr_par ocr_line ocrx_word'/>
</head>
<body>
  <div class='ocr_page' id='page_1' title='image "MN5163ucmf_1_0270.png"; bbox 0 0 1979 3399; ppageno 0'>
   <div class='ocr_carea' id='block_1_1' title="bbox 440 90 645 143">
    <p class='ocr_par' dir='ltr' id='par_1_1' title="bbox 440 90 645 143">
     <span class='ocr_line' id='line_1_1' title="bbox 440 90 645 143; baseline -0.005 0"><span class='ocrx_word' id='word_1_1' title='bbox 440 90 645 143; x_wconf 65' lang='lat' dir='ltr'>-Qssll-</span> 
     </span>
    </p>
   </div>
   <div class='ocr_carea' id='block_1_2' title="bbox 108 233 971 537">
    <p class='ocr_par' dir='ltr' id='par_1_2' title="bbox 108 233 971 537">
     <span class='ocr_line' id='line_1_2' title="bbox 170 233 969 296; baseline -0.005 -13"><span class='ocrx_word' id='word_1_2' title='bbox 170 236 229 283; x_wconf 81' lang='lat' dir='ltr'>Vera</span> <span class='ocrx_word' id='word_1_3' title='bbox 246 233 303 280; x_wconf 90' lang='lat' dir='ltr'>baec</span> <span class='ocrx_word' id='word_1_4' title='bbox 321 246 373 280; x_wconf 89' lang='lat' dir='ltr'>esse</span> <span class='ocrx_word' id='word_1_5' title='bbox 395 235 492 295; x_wconf 75' lang='lat' dir='ltr'>spondet</span> <span class='ocrx_word' id='word_1_6' title='bbox 514 235 551 281; x_wconf 81' lang='lat' dir='ltr'>rel</span> <span class='ocrx_word' id='word_1_7' title='bbox 574 236 646 296; x_wconf 87' lang='lat' dir='ltr'>ipsum</span> <span class='ocrx_word' id='word_1_8' title='bbox 661 235 778 281; x_wconf 87' lang='lat' dir='ltr'>lluratorii</span> <span class='ocrx_word' id='word_1_9' title='bbox 804 248 886 280; x_wconf 89' lang='lat' dir='ltr'>nomen</span> <span class='ocrx_word' id='word_1_10' title='bbox 911 234 969 293; x_wconf 87' lang='lat' dir='ltr'>apud</span> 
     </span>
     <span class='ocr_line' id='line_1_3' title="bbox 112 314 971 376; baseline -0.005 -12"><span class='ocrx_word' id='word_1_11' title='bbox 112 330 155 364; x_wconf 90' lang='lat' dir='ltr'>eos</span> <span class='ocrx_word' id='word_1_12' title='bbox 171 317 208 376; x_wconf 87' lang='lat' dir='ltr'>qni</span> <span class='ocrx_word' id='word_1_13' title='bbox 223 314 369 374; x_wconf 88' lang='lat' dir='ltr'>praeiudiciis</span> <span class='ocrx_word' id='word_1_14' title='bbox 385 329 432 362; x_wconf 92' lang='lat' dir='ltr'>non</span> <span class='ocrx_word' id='word_1_15' title='bbox 445 317 549 375; x_wconf 85' lang='lat' dir='ltr'>occupati</span> <span class='ocrx_word' id='word_1_16' title='bbox 566 321 624 362; x_wconf 91' lang='lat' dir='ltr'>sunt.</span> <span class='ocrx_word' id='word_1_17' title='bbox 655 314 701 364; x_wconf 87' lang='lat' dir='ltr'>Sed</span> <span class='ocrx_word' id='word_1_18' title='bbox 719 317 820 375; x_wconf 80' lang='lat' dir='ltr'>exempla</span> <span class='ocrx_word' id='word_1_19' title='bbox 836 316 971 361; x_wconf 87' lang='lat' dir='ltr'>luculentius</span> 
     </span>
     <span class='ocr_line' id='line_1_4' title="bbox 109 396 969 458; baseline -0.005 -14"><span class='ocrx_word' id='word_1_20' title='bbox 109 400 223 458; x_wconf 82' lang='lat' dir='ltr'>arguunt,</span> <span class='ocrx_word' id='word_1_21' title='bbox 240 407 305 453; x_wconf 87' lang='lat' dir='ltr'>qnam</span> <span class='ocrx_word' id='word_1_22' title='bbox 323 397 520 443; x_wconf 76' lang='lat' dir='ltr'><strong>considerationes</strong></span> <span class='ocrx_word' id='word_1_23' title='bbox 536 397 643 442; x_wconf 82' lang='lat' dir='ltr'>urriverse</span> <span class='ocrx_word' id='word_1_24' title='bbox 659 396 805 456; x_wconf 81' lang='lat' dir='ltr'>propositae3</span> <span class='ocrx_word' id='word_1_25' title='bbox 824 396 969 455; x_wconf 83' lang='lat' dir='ltr'>quarnobrem</span> 
     </span>
     <span class='ocr_line' id='line_1_5' title="bbox 108 475 834 537; baseline -0.001 -15"><span class='ocrx_word' id='word_1_26' title='bbox 108 491 136 522; x_wconf 89' lang='lat' dir='ltr'>ea</span> <span class='ocrx_word' id='word_1_27' title='bbox 154 477 222 522; x_wconf 86' lang='lat' dir='ltr'>etiam</span> <span class='ocrx_word' id='word_1_28' title='bbox 240 477 269 523; x_wconf 90' lang='lat' dir='ltr'>ad</span> <span class='ocrx_word' id='word_1_29' title='bbox 286 492 334 523; x_wconf 89' lang='lat' dir='ltr'>rem</span> <span class='ocrx_word' id='word_1_30' title='bbox 351 482 451 524; x_wconf 89' lang='lat' dir='ltr'>nostram</span> <span class='ocrx_word' id='word_1_31' title='bbox 467 476 606 537; x_wconf 82' lang='lat' dir='ltr'>probandam</span> <span class='ocrx_word' id='word_1_32' title='bbox 622 475 781 536; x_wconf 81' lang='lat' dir='ltr'>producemus.</span> <span class='ocrx_word' id='word_1_33' title='bbox 833 534 834 537; x_wconf 8' lang='grc' dir='ltr'><strong>Ἴ</strong></span> 
     </span>
    </p>
   </div>
   <div class='ocr_carea' id='block_1_3' title="bbox 162 636 969 3260">
    <p class='ocr_par' dir='ltr' id='par_1_3' title="bbox 162 636 969 3260">
     <span class='ocr_line' id='line_1_6' title="bbox 203 636 969 697; baseline 0 -15"><span class='ocrx_word' id='word_1_34' title='bbox 203 637 288 697; x_wconf 78' lang='lat' dir='ltr'>,Age“,</span> <span class='ocrx_word' id='word_1_35' title='bbox 303 637 439 692; x_wconf 84' lang='lat' dir='ltr'>lluratcrins</span> <span class='ocrx_word' id='word_1_36' title='bbox 457 637 557 684; x_wconf 89' lang='lat' dir='ltr'>scribere</span> <span class='ocrx_word' id='word_1_37' title='bbox 574 637 656 696; x_wconf 87' lang='lat' dir='ltr'>pergit,</span> <span class='ocrx_word' id='word_1_38' title='bbox 675 636 793 696; x_wconf 87' lang='lat' dir='ltr'>,nonnulla</span> <span class='ocrx_word' id='word_1_39' title='bbox 811 637 833 682; x_wconf 93' lang='lat' dir='ltr'>in</span> <span class='ocrx_word' id='word_1_40' title='bbox 846 638 905 682; x_wconf 82' lang='lat' dir='ltr'>lianc</span> <span class='ocrx_word' id='word_1_41' title='bbox 921 644 969 682; x_wconf 79' lang='lat' dir='ltr'>reni</span> 
     </span>
     <span class='ocr_line' id='line_1_7' title="bbox 170 717 968 778; baseline 0 -15"><span class='ocrx_word' id='word_1_42' title='bbox 170 718 312 777; x_wconf 85' lang='lat' dir='ltr'>proferamus</span> <span class='ocrx_word' id='word_1_43' title='bbox 332 719 450 778; x_wconf 84' lang='lat' dir='ltr'>exempla,</span> <span class='ocrx_word' id='word_1_44' title='bbox 474 731 540 778; x_wconf 83' lang='lat' dir='ltr'>quina</span> <span class='ocrx_word' id='word_1_45' title='bbox 561 722 583 762; x_wconf 90' lang='lat' dir='ltr'>et</span> <span class='ocrx_word' id='word_1_46' title='bbox 597 717 672 776; x_wconf 90' lang='lat' dir='ltr'>plura,</span> <span class='ocrx_word' id='word_1_47' title='bbox 695 722 718 763; x_wconf 88' lang='lat' dir='ltr'>ct</span> <span class='ocrx_word' id='word_1_48' title='bbox 732 717 839 775; x_wconf 70' lang='lat' dir='ltr'>illustria,</span> <span class='ocrx_word' id='word_1_49' title='bbox 863 723 885 762; x_wconf 93' lang='lat' dir='ltr'>et</span> <span class='ocrx_word' id='word_1_50' title='bbox 902 718 968 763; x_wconf 83' lang='lat' dir='ltr'>obvia</span> 
     </span>
     <span class='ocr_line' id='line_1_8' title="bbox 169 798 968 860; baseline 0.001 -16"><span class='ocrx_word' id='word_1_51' title='bbox 169 801 214 845; x_wconf 91' lang='lat' dir='ltr'>sint</span> <span class='ocrx_word' id='word_1_52' title='bbox 229 800 319 860; x_wconf 90' lang='lat' dir='ltr'>passim.</span> <span class='ocrx_word' id='word_1_53' title='bbox 351 801 434 860; x_wconf 84' lang='lat' dir='ltr'>Primo,</span> <span class='ocrx_word' id='word_1_54' title='bbox 453 801 476 846; x_wconf 92' lang='lat' dir='ltr'>in</span> <span class='ocrx_word' id='word_1_55' title='bbox 494 798 621 845; x_wconf 88' lang='lat' dir='ltr'>indicandis</span> <span class='ocrx_word' id='word_1_56' title='bbox 637 799 741 858; x_wconf 91' lang='lat' dir='ltr'>personis</span> <span class='ocrx_word' id='word_1_57' title='bbox 754 799 784 843; x_wconf 90' lang='lat' dir='ltr'>ita</span> <span class='ocrx_word' id='word_1_58' title='bbox 801 812 826 844; x_wconf 91' lang='lat' dir='ltr'>se</span> <span class='ocrx_word' id='word_1_59' title='bbox 836 799 968 858; x_wconf 83' lang='lat' dir='ltr'>Apostolica</span> 
     </span>
     <span class='ocr_line' id='line_1_9' title="bbox 170 878 967 940; baseline -0.004 -13"><span class='ocrx_word' id='word_1_60' title='bbox 170 882 251 939; x_wconf 87' lang='lat' dir='ltr'>Sedes,</span> <span class='ocrx_word' id='word_1_61' title='bbox 269 887 291 927; x_wconf 90' lang='lat' dir='ltr'>et</span> <span class='ocrx_word' id='word_1_62' title='bbox 308 882 422 939; x_wconf 89' lang='lat' dir='ltr'>Concilia,</span> <span class='ocrx_word' id='word_1_63' title='bbox 443 887 466 927; x_wconf 87' lang='lat' dir='ltr'>et</span> <span class='ocrx_word' id='word_1_64' title='bbox 482 881 591 927; x_wconf 83' lang='lat' dir='ltr'>Catholici</span> <span class='ocrx_word' id='word_1_65' title='bbox 607 893 697 940; x_wconf 77' lang='lat' dir='ltr'><strong>semper</strong></span> <span class='ocrx_word' id='word_1_66' title='bbox 712 892 822 939; x_wconf 87' lang='lat' dir='ltr'>gessere,</span> <span class='ocrx_word' id='word_1_67' title='bbox 843 883 867 924; x_wconf 91' lang='lat' dir='ltr'>ut</span> <span class='ocrx_word' id='word_1_68' title='bbox 885 878 967 924; x_wconf 89' lang='lat' dir='ltr'>indicia</span> 
     </span>
     <span class='ocr_line' id='line_1_10' title="bbox 170 958 966 1019; baseline -0.004 -13"><span class='ocrx_word' id='word_1_69' title='bbox 170 973 212 1007; x_wconf 87' lang='lat' dir='ltr'>sua</span> <span class='ocrx_word' id='word_1_70' title='bbox 235 975 282 1006; x_wconf 88' lang='lat' dir='ltr'>non</span> <span class='ocrx_word' id='word_1_71' title='bbox 301 962 476 1019; x_wconf 70' lang='lat' dir='ltr'>arbitrarentur,</span> <span class='ocrx_word' id='word_1_72' title='bbox 501 965 538 1006; x_wconf 90' lang='lat' dir='ltr'>aut</span> <span class='ocrx_word' id='word_1_73' title='bbox 564 973 617 1005; x_wconf 88' lang='lat' dir='ltr'>esse</span> <span class='ocrx_word' id='word_1_74' title='bbox 639 958 723 1004; x_wconf 85' lang='lat' dir='ltr'>vellent</span> <span class='ocrx_word' id='word_1_75' title='bbox 746 958 809 1018; x_wconf 86' lang='lat' dir='ltr'>paria</span> <span class='ocrx_word' id='word_1_76' title='bbox 830 960 966 1016; x_wconf 89' lang='lat' dir='ltr'>auctoritati,</span> 
     </span>
     <span class='ocr_line' id='line_1_11' title="bbox 170 1039 968 1101; baseline -0.004 -15"><span class='ocrx_word' id='word_1_77' title='bbox 170 1047 237 1101; x_wconf 88' lang='lat' dir='ltr'>atque</span> <span class='ocrx_word' id='word_1_78' title='bbox 253 1041 400 1087; x_wconf 87' lang='lat' dir='ltr'>irnrnobilitati</span> <span class='ocrx_word' id='word_1_79' title='bbox 418 1041 488 1086; x_wconf 89' lang='lat' dir='ltr'>divini</span> <span class='ocrx_word' id='word_1_80' title='bbox 502 1040 578 1086; x_wconf 87' lang='lat' dir='ltr'>Verbi.</span> <span class='ocrx_word' id='word_1_81' title='bbox 610 1040 665 1086; x_wconf 84' lang='lat' dir='ltr'>Nam</span> <span class='ocrx_word' id='word_1_82' title='bbox 678 1044 701 1085; x_wconf 89' lang='lat' dir='ltr'>et</span> <span class='ocrx_word' id='word_1_83' title='bbox 711 1053 739 1085; x_wconf 90' lang='lat' dir='ltr'>ea</span> <span class='ocrx_word' id='word_1_84' title='bbox 755 1039 784 1084; x_wconf 91' lang='lat' dir='ltr'>ad</span> <span class='ocrx_word' id='word_1_85' title='bbox 795 1039 899 1084; x_wconf 85' lang='lat' dir='ltr'>incudem</span> <span class='ocrx_word' id='word_1_86' title='bbox 915 1053 968 1084; x_wconf 89' lang='lat' dir='ltr'>rur-</span> 
     </span>
     <span class='ocr_line' id='line_1_12' title="bbox 170 1119 968 1182; baseline -0.005 -14"><span class='ocrx_word' id='word_1_87' title='bbox 170 1135 208 1168; x_wconf 91' lang='lat' dir='ltr'>sus</span> <span class='ocrx_word' id='word_1_88' title='bbox 226 1124 346 1180; x_wconf 83' lang='lat' dir='ltr'>rerocari,</span> <span class='ocrx_word' id='word_1_89' title='bbox 364 1128 430 1182; x_wconf 89' lang='lat' dir='ltr'>atque</span> <span class='ocrx_word' id='word_1_90' title='bbox 446 1121 562 1177; x_wconf 88' lang='lat' dir='ltr'>emendari</span> <span class='ocrx_word' id='word_1_91' title='bbox 576 1123 688 1177; x_wconf 77' lang='lat' dir='ltr'>siverunt,</span> <span class='ocrx_word' id='word_1_92' title='bbox 706 1125 729 1165; x_wconf 92' lang='lat' dir='ltr'>ct</span> <span class='ocrx_word' id='word_1_93' title='bbox 748 1119 878 1164; x_wconf 89' lang='lat' dir='ltr'>melioribus</span> <span class='ocrx_word' id='word_1_94' title='bbox 895 1119 968 1164; x_wconf 92' lang='lat' dir='ltr'>docu-</span> 
     </span>
     <span class='ocr_line' id='line_1_13' title="bbox 170 1200 967 1260; baseline -0.001 -14"><span class='ocrx_word' id='word_1_95' title='bbox 170 1203 250 1246; x_wconf 89' lang='lat' dir='ltr'>mentis</span> <span class='ocrx_word' id='word_1_96' title='bbox 273 1201 360 1260; x_wconf 89' lang='lat' dir='ltr'>allatis,</span> <span class='ocrx_word' id='word_1_97' title='bbox 388 1200 417 1246; x_wconf 91' lang='lat' dir='ltr'>ad</span> <span class='ocrx_word' id='word_1_98' title='bbox 439 1202 542 1247; x_wconf 86' lang='lat' dir='ltr'>diversas</span> <span class='ocrx_word' id='word_1_99' title='bbox 565 1214 578 1246; x_wconf 88' lang='lat' dir='ltr'>a</span> <span class='ocrx_word' id='word_1_100' title='bbox 601 1200 712 1259; x_wconf 80' lang='lat' dir='ltr'>prioribus</span> <span class='ocrx_word' id='word_1_101' title='bbox 737 1200 814 1245; x_wconf 89' lang='lat' dir='ltr'>abiere</span> <span class='ocrx_word' id='word_1_102' title='bbox 836 1201 967 1246; x_wconf 87' lang='lat' dir='ltr'>sententias.</span> 
     </span>
     <span class='ocr_line' id='line_1_14' title="bbox 169 1279 967 1340; baseline 0 -14"><span class='ocrx_word' id='word_1_103' title='bbox 169 1281 249 1327; x_wconf 87' lang='lat' dir='ltr'>Paulus</span> <span class='ocrx_word' id='word_1_104' title='bbox 263 1282 425 1328; x_wconf 82' lang='lat' dir='ltr'>Sanrosatenus</span> <span class='ocrx_word' id='word_1_105' title='bbox 442 1283 465 1327; x_wconf 87' lang='lat' dir='ltr'>in</span> <span class='ocrx_word' id='word_1_106' title='bbox 481 1281 552 1340; x_wconf 91' lang='lat' dir='ltr'>primo</span> <span class='ocrx_word' id='word_1_107' title='bbox 568 1279 712 1326; x_wconf 85' lang='lat' dir='ltr'>Antiocheno</span> <span class='ocrx_word' id='word_1_108' title='bbox 724 1280 825 1325; x_wconf 79' lang='lat' dir='ltr'>Concilio</span> <span class='ocrx_word' id='word_1_109' title='bbox 844 1281 967 1339; x_wconf 89' lang='lat' dir='ltr'>absolutus,</span> 
     </span>
     <span class='ocr_line' id='line_1_15' title="bbox 167 1359 967 1426; baseline 0 -20"><span class='ocrx_word' id='word_1_110' title='bbox 167 1363 191 1406; x_wconf 94' lang='lat' dir='ltr'>ln</span> <span class='ocrx_word' id='word_1_111' title='bbox 210 1361 281 1406; x_wconf 90' lang='lat' dir='ltr'>altero</span> <span class='ocrx_word' id='word_1_112' title='bbox 299 1361 417 1407; x_wconf 86' lang='lat' dir='ltr'>darnnatns</span> <span class='ocrx_word' id='word_1_113' title='bbox 434 1366 475 1414; x_wconf 88' lang='lat' dir='ltr'>est.</span> <span class='ocrx_word' id='word_1_114' title='bbox 507 1362 575 1406; x_wconf 84' lang='lat' dir='ltr'>Arius</span> <span class='ocrx_word' id='word_1_115' title='bbox 590 1361 653 1419; x_wconf 89' lang='lat' dir='ltr'>ipse,</span> <span class='ocrx_word' id='word_1_116' title='bbox 671 1364 693 1404; x_wconf 88' lang='lat' dir='ltr'>et</span> <span class='ocrx_word' id='word_1_117' title='bbox 707 1359 803 1417; x_wconf 86' lang='lat' dir='ltr'>Ariani,</span> <span class='ocrx_word' id='word_1_118' title='bbox 820 1364 871 1418; x_wconf 89' lang='lat' dir='ltr'>post</span> <span class='ocrx_word' id='word_1_119' title='bbox 888 1373 967 1426; x_wconf 87' lang='lat' dir='ltr'>eorum</span> 
     </span>
     <span class='ocr_line' id='line_1_16' title="bbox 167 1439 967 1499; baseline 0 -13"><span class='ocrx_word' id='word_1_120' title='bbox 167 1440 333 1487; x_wconf 89' lang='lat' dir='ltr'>damnationem</span> <span class='ocrx_word' id='word_1_121' title='bbox 351 1456 364 1486; x_wconf 92' lang='lat' dir='ltr'>a</span> <span class='ocrx_word' id='word_1_122' title='bbox 387 1441 488 1487; x_wconf 85' lang='lat' dir='ltr'>Nicaeae</span> <span class='ocrx_word' id='word_1_123' title='bbox 510 1439 612 1486; x_wconf 83' lang='lat' dir='ltr'>Concilio</span> <span class='ocrx_word' id='word_1_124' title='bbox 633 1439 811 1499; x_wconf 76' lang='lat' dir='ltr'>promulgarem,</span> <span class='ocrx_word' id='word_1_125' title='bbox 834 1439 967 1486; x_wconf 88' lang='lat' dir='ltr'>innocentes</span> 
     </span>
     <span class='ocr_line' id='line_1_17' title="bbox 168 1520 967 1579; baseline 0 -14"><span class='ocrx_word' id='word_1_126' title='bbox 168 1520 335 1579; x_wconf 85' lang='lat' dir='ltr'>quodammodo</span> <span class='ocrx_word' id='word_1_127' title='bbox 353 1520 460 1566; x_wconf 88' lang='lat' dir='ltr'>declarati</span> <span class='ocrx_word' id='word_1_128' title='bbox 477 1525 546 1578; x_wconf 82' lang='lat' dir='ltr'>srmt,</span> <span class='ocrx_word' id='word_1_129' title='bbox 570 1525 593 1565; x_wconf 89' lang='lat' dir='ltr'>et</span> <span class='ocrx_word' id='word_1_130' title='bbox 616 1521 639 1565; x_wconf 91' lang='lat' dir='ltr'>in</span> <span class='ocrx_word' id='word_1_131' title='bbox 660 1520 841 1566; x_wconf 88' lang='lat' dir='ltr'>communionem</span> <span class='ocrx_word' id='word_1_132' title='bbox 864 1522 967 1577; x_wconf 88' lang='lat' dir='ltr'>restituti,</span> 
     </span>
     <span class='ocr_line' id='line_1_18' title="bbox 166 1600 966 1658; baseline -0.004 -11"><span class='ocrx_word' id='word_1_133' title='bbox 166 1602 190 1647; x_wconf 91' lang='lat' dir='ltr'>id</span> <span class='ocrx_word' id='word_1_134' title='bbox 209 1601 320 1647; x_wconf 78' lang='lat' dir='ltr'>tolerante</span> <span class='ocrx_word' id='word_1_135' title='bbox 334 1601 445 1648; x_wconf 83' lang='lat' dir='ltr'>Ecclesia.</span> <span class='ocrx_word' id='word_1_136' title='bbox 478 1600 633 1645; x_wconf 88' lang='lat' dir='ltr'>Innocentiam</span> <span class='ocrx_word' id='word_1_137' title='bbox 649 1600 783 1658; x_wconf 78' lang='lat' dir='ltr'>Athanasii,</span> <span class='ocrx_word' id='word_1_138' title='bbox 798 1600 899 1646; x_wconf 83' lang='lat' dir='ltr'>lllarcellt</span> <span class='ocrx_word' id='word_1_139' title='bbox 915 1602 966 1646; x_wconf 84' lang='lat' dir='ltr'>An-</span> 
     </span>
     <span class='ocr_line' id='line_1_19' title="bbox 168 1681 966 1740; baseline 0.001 -15"><span class='ocrx_word' id='word_1_140' title='bbox 168 1683 261 1740; x_wconf 73' lang='lat' dir='ltr'>cyrani,</span> <span class='ocrx_word' id='word_1_141' title='bbox 285 1681 353 1727; x_wconf 88' lang='lat' dir='ltr'>lulius</span> <span class='ocrx_word' id='word_1_142' title='bbox 379 1683 493 1729; x_wconf 83' lang='lat' dir='ltr'>Romanus</span> <span class='ocrx_word' id='word_1_143' title='bbox 509 1683 626 1740; x_wconf 81' lang='lat' dir='ltr'>Pontifex,</span> <span class='ocrx_word' id='word_1_144' title='bbox 649 1688 671 1727; x_wconf 89' lang='lat' dir='ltr'>et</span> <span class='ocrx_word' id='word_1_145' title='bbox 688 1682 825 1730; x_wconf 69' lang='lat' dir='ltr'>sardicense</span> <span class='ocrx_word' id='word_1_146' title='bbox 843 1681 966 1728; x_wconf 90' lang='lat' dir='ltr'>Concilium</span> 
     </span>
     <span class='ocr_line' id='line_1_20' title="bbox 168 1761 965 1820; baseline 0.003 -15"><span class='ocrx_word' id='word_1_147' title='bbox 168 1766 305 1818; x_wconf 87' lang='lat' dir='ltr'>statuerant;</span> <span class='ocrx_word' id='word_1_148' title='bbox 332 1775 411 1807; x_wconf 89' lang='lat' dir='ltr'>eornm</span> <span class='ocrx_word' id='word_1_149' title='bbox 434 1768 509 1809; x_wconf 89' lang='lat' dir='ltr'>tamen</span> <span class='ocrx_word' id='word_1_150' title='bbox 534 1776 627 1808; x_wconf 90' lang='lat' dir='ltr'>caussas</span> <span class='ocrx_word' id='word_1_151' title='bbox 654 1765 734 1809; x_wconf 88' lang='lat' dir='ltr'>iterum</span> <span class='ocrx_word' id='word_1_152' title='bbox 760 1761 856 1820; x_wconf 74' lang='lat' dir='ltr'>expendi</span> <span class='ocrx_word' id='word_1_153' title='bbox 880 1763 965 1819; x_wconf 82' lang='lat' dir='ltr'>Patres,</span> 
     </span>
     <span class='ocr_line' id='line_1_21' title="bbox 168 1825 965 1900; baseline 0.005 -15"><span class='ocrx_word' id='word_1_154' title='bbox 168 1842 292 1899; x_wconf 82' lang='lat' dir='ltr'>summique</span> <span class='ocrx_word' id='word_1_155' title='bbox 307 1844 374 1887; x_wconf 88' lang='lat' dir='ltr'>ctiam</span> <span class='ocrx_word' id='word_1_156' title='bbox 383 1825 510 1888; x_wconf 41' lang='lat' dir='ltr'>‘Pontifices</span> <span class='ocrx_word' id='word_1_157' title='bbox 523 1843 584 1900; x_wconf 88' lang='lat' dir='ltr'>passi</span> <span class='ocrx_word' id='word_1_158' title='bbox 596 1848 654 1887; x_wconf 81' lang='lat' dir='ltr'>sunt.</span> <span class='ocrx_word' id='word_1_159' title='bbox 687 1843 814 1888; x_wconf 87' lang='lat' dir='ltr'>lllarcellmn</span> <span class='ocrx_word' id='word_1_160' title='bbox 830 1857 892 1888; x_wconf 91' lang='lat' dir='ltr'>reum</span> <span class='ocrx_word' id='word_1_161' title='bbox 906 1858 965 1899; x_wconf 85' lang='lat' dir='ltr'>csse,</span> 
     </span>
     <span class='ocr_line' id='line_1_22' title="bbox 168 1921 963 1982; baseline 0.003 -17"><span class='ocrx_word' id='word_1_162' title='bbox 168 1925 235 1980; x_wconf 84' lang='lat' dir='ltr'>atque</span> <span class='ocrx_word' id='word_1_163' title='bbox 251 1921 408 1981; x_wconf 87' lang='lat' dir='ltr'>Haereticam,</span> <span class='ocrx_word' id='word_1_164' title='bbox 425 1922 522 1968; x_wconf 87' lang='lat' dir='ltr'>illustres</span> <span class='ocrx_word' id='word_1_165' title='bbox 537 1923 585 1968; x_wconf 75' lang='lat' dir='ltr'>riri</span> <span class='ocrx_word' id='word_1_166' title='bbox 602 1928 681 1982; x_wconf 87' lang='lat' dir='ltr'>postea</span> <span class='ocrx_word' id='word_1_167' title='bbox 701 1924 879 1982; x_wconf 91' lang='lat' dir='ltr'>contenderunt,</span> <span class='ocrx_word' id='word_1_168' title='bbox 902 1930 925 1969; x_wconf 91' lang='lat' dir='ltr'>et</span> <span class='ocrx_word' id='word_1_169' title='bbox 940 1925 963 1969; x_wconf 90' lang='lat' dir='ltr'>in</span> 
     </span>
     <span class='ocr_line' id='line_1_23' title="bbox 167 2000 963 2060; baseline 0.006 -17"><span class='ocrx_word' id='word_1_170' title='bbox 167 2000 245 2057; x_wconf 89' lang='lat' dir='ltr'>primis</span> <span class='ocrx_word' id='word_1_171' title='bbox 262 2000 358 2046; x_wconf 86' lang='lat' dir='ltr'>Basilius</span> <span class='ocrx_word' id='word_1_172' title='bbox 369 2001 471 2060; x_wconf 87' lang='lat' dir='ltr'>lllagnus.</span> <span class='ocrx_word' id='word_1_173' title='bbox 503 2002 581 2060; x_wconf 87' lang='lat' dir='ltr'>Neque</span> <span class='ocrx_word' id='word_1_174' title='bbox 597 2003 671 2048; x_wconf 89' lang='lat' dir='ltr'>minus</span> <span class='ocrx_word' id='word_1_175' title='bbox 698 2003 794 2048; x_wconf 91' lang='lat' dir='ltr'>celebris</span> <span class='ocrx_word' id='word_1_176' title='bbox 815 2003 857 2048; x_wconf 86' lang='lat' dir='ltr'>luit</span> <span class='ocrx_word' id='word_1_177' title='bbox 880 2003 963 2048; x_wconf 90' lang='lat' dir='ltr'>Caeci-</span> 
     </span>
     <span class='ocr_line' id='line_1_24' title="bbox 164 2079 963 2141; baseline 0.004 -16"><span class='ocrx_word' id='word_1_178' title='bbox 164 2079 218 2126; x_wconf 90' lang='lat' dir='ltr'>liani</span> <span class='ocrx_word' id='word_1_179' title='bbox 236 2079 421 2141; x_wconf 77' lang='lat' dir='ltr'>carthaginensis</span> <span class='ocrx_word' id='word_1_180' title='bbox 435 2080 542 2140; x_wconf 86' lang='lat' dir='ltr'>Episcopi</span> <span class='ocrx_word' id='word_1_181' title='bbox 561 2095 650 2127; x_wconf 87' lang='lat' dir='ltr'>caussa.</span> <span class='ocrx_word' id='word_1_182' title='bbox 681 2082 719 2128; x_wconf 91' lang='lat' dir='ltr'>Lis</span> <span class='ocrx_word' id='word_1_183' title='bbox 736 2083 809 2128; x_wconf 88' lang='lat' dir='ltr'>cidem</span> <span class='ocrx_word' id='word_1_184' title='bbox 826 2087 905 2128; x_wconf 89' lang='lat' dir='ltr'>contra</span> <span class='ocrx_word' id='word_1_185' title='bbox 922 2096 963 2128; x_wconf 92' lang='lat' dir='ltr'>ac-</span> 
     </span>
     <span class='ocr_line' id='line_1_25' title="bbox 166 2160 963 2221; baseline 0.003 -15"><span class='ocrx_word' id='word_1_186' title='bbox 166 2165 285 2206; x_wconf 87' lang='lat' dir='ltr'>cusatores</span> <span class='ocrx_word' id='word_1_187' title='bbox 301 2160 431 2206; x_wconf 86' lang='lat' dir='ltr'>Donatistas</span> <span class='ocrx_word' id='word_1_188' title='bbox 454 2161 583 2214; x_wconf 88' lang='lat' dir='ltr'>adiudicata</span> <span class='ocrx_word' id='word_1_189' title='bbox 607 2164 680 2208; x_wconf 87' lang='lat' dir='ltr'>suerat</span> <span class='ocrx_word' id='word_1_190' title='bbox 695 2163 718 2207; x_wconf 94' lang='lat' dir='ltr'>in</span> <span class='ocrx_word' id='word_1_191' title='bbox 734 2162 836 2208; x_wconf 85' lang='lat' dir='ltr'>Romano</span> <span class='ocrx_word' id='word_1_192' title='bbox 854 2163 963 2221; x_wconf 82' lang='lat' dir='ltr'>Concilio,</span> 
     </span>
     <span class='ocr_line' id='line_1_26' title="bbox 164 2237 964 2303; baseline 0.01 -22"><span class='ocrx_word' id='word_1_193' title='bbox 164 2237 309 2296; x_wconf 88' lang='lat' dir='ltr'>praesidente</span> <span class='ocrx_word' id='word_1_194' title='bbox 326 2238 459 2285; x_wconf 89' lang='lat' dir='ltr'>llelchiade.</span> <span class='ocrx_word' id='word_1_195' title='bbox 493 2241 641 2287; x_wconf 87' lang='lat' dir='ltr'>Obtinuerunt</span> <span class='ocrx_word' id='word_1_196' title='bbox 662 2244 737 2289; x_wconf 87' lang='lat' dir='ltr'>victae</span> <span class='ocrx_word' id='word_1_197' title='bbox 759 2245 829 2303; x_wconf 83' lang='lat' dir='ltr'>partis</span> <span class='ocrx_word' id='word_1_198' title='bbox 848 2245 964 2302; x_wconf 88' lang='lat' dir='ltr'>querimo-</span> 
     </span>
     <span class='ocr_line' id='line_1_27' title="bbox 164 2319 961 2379; baseline 0.011 -19"><span class='ocrx_word' id='word_1_199' title='bbox 164 2319 229 2373; x_wconf 88' lang='lat' dir='ltr'>niae,</span> <span class='ocrx_word' id='word_1_200' title='bbox 249 2322 271 2362; x_wconf 89' lang='lat' dir='ltr'>et</span> <span class='ocrx_word' id='word_1_201' title='bbox 285 2320 456 2376; x_wconf 86' lang='lat' dir='ltr'>accusationes,</span> <span class='ocrx_word' id='word_1_202' title='bbox 474 2326 498 2365; x_wconf 90' lang='lat' dir='ltr'>ut</span> <span class='ocrx_word' id='word_1_203' title='bbox 523 2323 546 2365; x_wconf 93' lang='lat' dir='ltr'>in</span> <span class='ocrx_word' id='word_1_204' title='bbox 563 2323 698 2379; x_wconf 89' lang='lat' dir='ltr'>amplissimo</span> <span class='ocrx_word' id='word_1_205' title='bbox 715 2324 842 2369; x_wconf 87' lang='lat' dir='ltr'>Arelatensi</span> <span class='ocrx_word' id='word_1_206' title='bbox 861 2324 961 2369; x_wconf 88' lang='lat' dir='ltr'>Concilio</span> 
     </span>
     <span class='ocr_line' id='line_1_28' title="bbox 166 2397 963 2462; baseline 0.014 -23"><span class='ocrx_word' id='word_1_207' title='bbox 166 2409 244 2440; x_wconf 88' lang='lat' dir='ltr'>rursus</span> <span class='ocrx_word' id='word_1_208' title='bbox 259 2397 390 2443; x_wconf 87' lang='lat' dir='ltr'>audirentur</span> <span class='ocrx_word' id='word_1_209' title='bbox 397 2415 403 2454; x_wconf 78' lang='lat'><em>3</em></span> <span class='ocrx_word' id='word_1_210' title='bbox 427 2405 450 2443; x_wconf 88' lang='lat' dir='ltr'>et</span> <span class='ocrx_word' id='word_1_211' title='bbox 475 2413 607 2459; x_wconf 84' lang='lat' dir='ltr'>quamquain</span> <span class='ocrx_word' id='word_1_212' title='bbox 624 2403 673 2459; x_wconf 87' lang='lat' dir='ltr'>pari</span> <span class='ocrx_word' id='word_1_213' title='bbox 689 2416 798 2450; x_wconf 88' lang='lat' dir='ltr'>successu</span> <span class='ocrx_word' id='word_1_214' title='bbox 822 2417 862 2462; x_wconf 93' lang='lat' dir='ltr'>pro</span> <span class='ocrx_word' id='word_1_215' title='bbox 881 2404 963 2450; x_wconf 88' lang='lat' dir='ltr'>Caeci-</span> 
     </span>
     <span class='ocr_line' id='line_1_29' title="bbox 165 2473 963 2536; baseline 0.018 -19"><span class='ocrx_word' id='word_1_216' title='bbox 165 2473 226 2518; x_wconf 90' lang='lat' dir='ltr'>liano</span> <span class='ocrx_word' id='word_1_217' title='bbox 242 2476 408 2532; x_wconf 67' lang='lat' dir='ltr'>pronuntiatum</span> <span class='ocrx_word' id='word_1_218' title='bbox 425 2484 454 2522; x_wconf 65' lang='lat' dir='ltr'>,et</span> <span class='ocrx_word' id='word_1_219' title='bbox 477 2478 508 2521; x_wconf 84' lang='lat' dir='ltr'>ibi</span> <span class='ocrx_word' id='word_1_220' title='bbox 526 2480 607 2536; x_wconf 85' lang='lat' dir='ltr'>suerit,</span> <span class='ocrx_word' id='word_1_221' title='bbox 622 2480 696 2525; x_wconf 88' lang='lat' dir='ltr'>adhuc</span> <span class='ocrx_word' id='word_1_222' title='bbox 711 2486 786 2527; x_wconf 89' lang='lat' dir='ltr'>tamen</span> <span class='ocrx_word' id='word_1_223' title='bbox 803 2497 849 2528; x_wconf 95' lang='lat' dir='ltr'>non</span> <span class='ocrx_word' id='word_1_224' title='bbox 866 2499 963 2531; x_wconf 87' lang='lat' dir='ltr'>recusa-</span> 
     </span>
     <span class='ocr_line' id='line_1_30' title="bbox 165 2554 962 2624; baseline 0.01 -23"><span class='ocrx_word' id='word_1_225' title='bbox 165 2560 217 2601; x_wconf 87' lang='lat' dir='ltr'>runt</span> <span class='ocrx_word' id='word_1_226' title='bbox 240 2554 344 2600; x_wconf 88' lang='lat' dir='ltr'>Africani</span> <span class='ocrx_word' id='word_1_227' title='bbox 366 2555 460 2613; x_wconf 88' lang='lat' dir='ltr'>Patres,</span> <span class='ocrx_word' id='word_1_228' title='bbox 486 2561 509 2601; x_wconf 93' lang='lat' dir='ltr'>ut</span> <span class='ocrx_word' id='word_1_229' title='bbox 531 2558 610 2603; x_wconf 89' lang='lat' dir='ltr'>eadem</span> <span class='ocrx_word' id='word_1_230' title='bbox 635 2573 715 2609; x_wconf 90' lang='lat' dir='ltr'>caussa</span> <span class='ocrx_word' id='word_1_231' title='bbox 733 2562 807 2609; x_wconf 91' lang='lat' dir='ltr'>denuo</span> <span class='ocrx_word' id='word_1_232' title='bbox 827 2564 962 2624; x_wconf 88' lang='lat' dir='ltr'>Carthagine</span> 
     </span>
     <span class='ocr_line' id='line_1_31' title="bbox 162 2635 961 2705; baseline 0.013 -24"><span class='ocrx_word' id='word_1_233' title='bbox 162 2639 356 2696; x_wconf 88' lang='lat' dir='ltr'>pertractaretur,</span> <span class='ocrx_word' id='word_1_234' title='bbox 380 2635 505 2681; x_wconf 85' lang='lat' dir='ltr'>damnaturi</span> <span class='ocrx_word' id='word_1_235' title='bbox 521 2638 556 2682; x_wconf 85' lang='lat' dir='ltr'>vel</span> <span class='ocrx_word' id='word_1_236' title='bbox 573 2643 735 2697; x_wconf 88' lang='lat' dir='ltr'>postmortem</span> <span class='ocrx_word' id='word_1_237' title='bbox 757 2644 924 2705; x_wconf 88' lang='lat' dir='ltr'>Caecilianum,</span> <span class='ocrx_word' id='word_1_238' title='bbox 941 2649 961 2694; x_wconf 83' lang='lat' dir='ltr'>si</span> 
     </span>
     <span class='ocr_line' id='line_1_32' title="bbox 165 2715 961 2775; baseline 0.015 -13"><span class='ocrx_word' id='word_1_239' title='bbox 165 2716 260 2763; x_wconf 89' lang='lat' dir='ltr'>crimina</span> <span class='ocrx_word' id='word_1_240' title='bbox 274 2716 377 2775; x_wconf 92' lang='lat' dir='ltr'>opposita</span> <span class='ocrx_word' id='word_1_241' title='bbox 393 2729 447 2761; x_wconf 81' lang='lat' dir='ltr'>uera</span> <span class='ocrx_word' id='word_1_242' title='bbox 459 2715 687 2775; x_wconf 82' lang='lat' dir='ltr'>deprelrenderenbn.</span> <span class='ocrx_word' id='word_1_243' title='bbox 720 2723 764 2769; x_wconf 89' lang='lat' dir='ltr'>Cur</span> <span class='ocrx_word' id='word_1_244' title='bbox 779 2737 825 2771; x_wconf 91' lang='lat' dir='ltr'>non</span> <span class='ocrx_word' id='word_1_245' title='bbox 838 2739 961 2773; x_wconf 88' lang='lat' dir='ltr'>memorem</span> 
     </span>
     <span class='ocr_line' id='line_1_33' title="bbox 165 2796 961 2863; baseline 0.013 -20"><span class='ocrx_word' id='word_1_246' title='bbox 165 2797 257 2853; x_wconf 87' lang='lat' dir='ltr'>Zosimi,</span> <span class='ocrx_word' id='word_1_247' title='bbox 274 2797 369 2842; x_wconf 84' lang='lat' dir='ltr'>Romani</span> <span class='ocrx_word' id='word_1_248' title='bbox 382 2796 495 2841; x_wconf 85' lang='lat' dir='ltr'>Pontificis</span> <span class='ocrx_word' id='word_1_249' title='bbox 512 2804 574 2855; x_wconf 88' lang='lat' dir='ltr'>acta,</span> <span class='ocrx_word' id='word_1_250' title='bbox 591 2801 627 2858; x_wconf 89' lang='lat' dir='ltr'>qui</span> <span class='ocrx_word' id='word_1_251' title='bbox 645 2803 780 2863; x_wconf 75' lang='lat' dir='ltr'>a&#39;Pelagio,</span> <span class='ocrx_word' id='word_1_252' title='bbox 797 2806 961 2853; x_wconf 82' lang='lat' dir='ltr'>Haeresiarclra</span> 
     </span>
     <span class='ocr_line' id='line_1_34' title="bbox 169 2876 958 2945; baseline 0.013 -23"><span class='ocrx_word' id='word_1_253' title='bbox 169 2879 348 2934; x_wconf 87' lang='lat' dir='ltr'>circumventus,</span> <span class='ocrx_word' id='word_1_254' title='bbox 375 2878 399 2922; x_wconf 90' lang='lat' dir='ltr'>in</span> <span class='ocrx_word' id='word_1_255' title='bbox 417 2876 486 2935; x_wconf 92' lang='lat' dir='ltr'>ipsius</span> <span class='ocrx_word' id='word_1_256' title='bbox 503 2879 623 2937; x_wconf 78' lang='lat' dir='ltr'>auxilinm,</span> <span class='ocrx_word' id='word_1_257' title='bbox 649 2886 671 2927; x_wconf 88' lang='lat' dir='ltr'>et</span> <span class='ocrx_word' id='word_1_258' title='bbox 687 2896 728 2941; x_wconf 88' lang='lat' dir='ltr'>pro</span> <span class='ocrx_word' id='word_1_259' title='bbox 745 2884 803 2931; x_wconf 91' lang='lat' dir='ltr'>illius</span> <span class='ocrx_word' id='word_1_260' title='bbox 818 2886 958 2945; x_wconf 88' lang='lat' dir='ltr'>innocentia,</span> 
     </span>
     <span class='ocr_line' id='line_1_35' title="bbox 167 2958 960 3025; baseline 0.014 -21"><span class='ocrx_word' id='word_1_261' title='bbox 167 2958 197 3004; x_wconf 89' lang='lat' dir='ltr'>ad</span> <span class='ocrx_word' id='word_1_262' title='bbox 206 2958 329 3004; x_wconf 84' lang='lat' dir='ltr'>Africanos</span> <span class='ocrx_word' id='word_1_263' title='bbox 340 2958 466 3018; x_wconf 89' lang='lat' dir='ltr'>Episcopos</span> <span class='ocrx_word' id='word_1_264' title='bbox 477 2960 608 3018; x_wconf 82' lang='lat' dir='ltr'>rescripsit?</span> <span class='ocrx_word' id='word_1_265' title='bbox 624 2962 797 3025; x_wconf 86' lang='lat' dir='ltr'>Tlreodoretmn,</span> <span class='ocrx_word' id='word_1_266' title='bbox 812 2967 872 3014; x_wconf 91' lang='lat' dir='ltr'>lbam</span> <span class='ocrx_word' id='word_1_267' title='bbox 882 2969 960 3014; x_wconf 88' lang='lat' dir='ltr'>Theo-</span> 
     </span>
     <span class='ocr_line' id='line_1_36' title="bbox 165 3038 960 3104; baseline 0.015 -20"><span class='ocrx_word' id='word_1_268' title='bbox 165 3039 243 3085; x_wconf 87' lang='lat' dir='ltr'>doram</span> <span class='ocrx_word' id='word_1_269' title='bbox 255 3040 444 3099; x_wconf 82' lang='lat' dir='ltr'>blopsriestenum,</span> <span class='ocrx_word' id='word_1_270' title='bbox 462 3038 655 3102; x_wconf 81' lang='lat' dir='ltr'>Gotlrescalchunr,</span> <span class='ocrx_word' id='word_1_271' title='bbox 668 3045 770 3104; x_wconf 84' lang='lat' dir='ltr'>aliosque</span> <span class='ocrx_word' id='word_1_272' title='bbox 781 3048 885 3095; x_wconf 89' lang='lat' dir='ltr'>celebres</span> <span class='ocrx_word' id='word_1_273' title='bbox 893 3050 960 3095; x_wconf 86' lang='lat' dir='ltr'>Viros</span> 
     </span>
     <span class='ocr_line' id='line_1_37' title="bbox 166 3117 960 3190; baseline 0.015 -26"><span class='ocrx_word' id='word_1_274' title='bbox 166 3123 188 3164; x_wconf 89' lang='lat' dir='ltr'>in</span> <span class='ocrx_word' id='word_1_275' title='bbox 207 3119 456 3179; x_wconf 87' lang='lat' dir='ltr'>quibusdamConciliis</span> <span class='ocrx_word' id='word_1_276' title='bbox 475 3117 605 3180; x_wconf 90' lang='lat' dir='ltr'>damnatos,</span> <span class='ocrx_word' id='word_1_277' title='bbox 621 3124 644 3169; x_wconf 90' lang='lat' dir='ltr'>in</span> <span class='ocrx_word' id='word_1_278' title='bbox 661 3124 710 3170; x_wconf 86' lang='lat' dir='ltr'>aliis</span> <span class='ocrx_word' id='word_1_279' title='bbox 726 3126 841 3175; x_wconf 88' lang='lat' dir='ltr'>absolutos</span> <span class='ocrx_word' id='word_1_280' title='bbox 859 3128 960 3190; x_wconf 83' lang='lat' dir='ltr'>legimus,</span> 
     </span>
     <span class='ocr_line' id='line_1_38' title="bbox 165 3198 959 3260; baseline 0.014 -16"><span class='ocrx_word' id='word_1_281' title='bbox 165 3205 188 3244; x_wconf 90' lang='lat' dir='ltr'>ut</span> <span class='ocrx_word' id='word_1_282' title='bbox 207 3201 250 3245; x_wconf 91' lang='lat' dir='ltr'>iam</span> <span class='ocrx_word' id='word_1_283' title='bbox 268 3206 345 3260; x_wconf 87' lang='lat' dir='ltr'>patere</span> <span class='ocrx_word' id='word_1_284' title='bbox 364 3201 450 3260; x_wconf 91' lang='lat' dir='ltr'>possit,</span> <span class='ocrx_word' id='word_1_285' title='bbox 469 3198 582 3259; x_wconf 85' lang='lat' dir='ltr'>Concilia,</span> <span class='ocrx_word' id='word_1_286' title='bbox 600 3209 627 3248; x_wconf 85' lang='lat' dir='ltr'>et</span> <span class='ocrx_word' id='word_1_287' title='bbox 644 3203 770 3253; x_wconf 88' lang='lat' dir='ltr'>Ecclesiam</span> <span class='ocrx_word' id='word_1_288' title='bbox 794 3210 817 3255; x_wconf 93' lang='lat' dir='ltr'>in</span> <span class='ocrx_word' id='word_1_289' title='bbox 833 3209 959 3258; x_wconf 88' lang='lat' dir='ltr'>huiusmodi</span> 
     </span>
    </p>
   </div>
   <div class='ocr_carea' id='block_1_4' title="bbox 0 0 994 3399">
    <p class='ocr_par' dir='ltr' id='par_1_4' title="bbox 0 0 994 3399">
     <span class='ocr_line' id='line_1_39' title="bbox 0 0 994 3399; baseline 0 1"><span class='ocrx_word' id='word_1_290' title='bbox 0 0 994 3399; x_wconf 95' lang='lat' dir='ltr'> </span> 
     </span>
    </p>
   </div>
  </div>
 </body>
</html>
