1979 3399
434 101 636 152 --938ω

94 239 179 297 studio,
194 242 254 292 tanta
272 237 414 283 vehementia
431 242 527 284 tuentur.
566 238 611 284 Sua
629 238 728 297 ipsorum
744 251 813 285 cansa
830 243 879 299 est,
895 239 956 286 unde

97 334 188 366 causam
205 332 223 364 s„
240 318 302 364 sedis
319 318 447 379 procudere
463 319 548 365 nolunt.
580 318 613 364 llli
626 322 691 377 sunt,
709 319 746 377 qui
761 332 822 378 pone
838 334 858 367 s.
877 321 955 367 sedem

95 400 183 445 latitare
201 398 305 457 eupiunt,
324 411 353 443 ne
369 399 468 457 ipsorum
485 399 594 456 inscitia,
620 412 650 444 ne
670 399 771 458 ipsorum
796 398 886 446 stultitia
895 411 906 458 ,·
926 414 955 446 ue

94 482 194 538 ipsorum
211 479 354 538 turpissimae
370 483 431 525 artes
447 481 470 526 in
488 480 561 525 lucem
578 477 753 538 protralrantur;
777 478 808 525 illi
825 485 892 539 sunt,
919 481 956 541 qui

95 574 113 606 s.
131 560 209 605 sedem
226 559 310 618 ubique
327 559 450 618 obiiciunt,
465 565 489 606 ut
505 560 601 605 verbera
616 560 714 605 iustitiae
731 561 858 619 punientis,
876 561 956 621 quibus

95 641 178 699 alioqui
193 641 243 686 sine
260 640 328 686 dubio
346 645 484 701 peterentur,
502 640 599 685 eludant.

157 721 256 767 Adstant
270 719 306 767 lris
324 721 361 767 alii
379 723 441 779 viri,
467 721 504 779 qui
520 721 615 780 gloriam
627 719 668 764 vdei
685 724 708 765 ct
724 733 816 767 causam
833 733 957 767 sacrosan-

96 806 146 847 ctae
156 802 268 864 ecclcsiae
278 801 404 847 catholicae
417 814 511 859 semper
521 814 562 846 ore
574 805 697 859 promptam
708 800 801 859 babent,
812 802 854 847 sed
867 816 957 862 semper

93 883 187 927 nonnisi
195 895 258 927 suam
269 895 367 937 causam,
377 894 417 927 sua
426 883 526 940 ipsorum
538 880 664 938 commoda,
676 894 739 927 suam
749 882 848 940 ipsorum
861 882 960 942 gloriam

94 963 224 1022 respiciunt
242 964 287 1020 qrri,
305 962 493 1020 quemadmodum
509 962 636 1008 Ludoricus
652 962 703 1007 XIV
718 962 790 1021 dixit,
807 963 917 1022 „civitas,
933 964 956 1009 id

95 1057 140 1103 ego
157 1048 227 1101 sum‚“
246 1043 352 1098 ecclesia,
368 1043 392 1088 id
408 1056 451 1088 nos
469 1055 545 1088 sumus
568 1056 694 1101 quanquam
710 1055 756 1087 non
774 1043 863 1088 disertis
880 1044 957 1089 verbis

95 1126 221 1181 enuntiant,
237 1128 313 1168 tamen
329 1124 397 1168 tacite
413 1136 490 1168 secum
507 1125 622 1182 cogitant3
647 1136 741 1181 quorum
755 1124 847 1169 iactatio
863 1125 958 1170 mirabi-

94 1206 145 1251 liter
157 1219 207 1250 cmn
225 1205 271 1250 uita
285 1210 378 1265 pugnat,
397 1217 535 1263 quorumque
551 1205 730 1250 vociferationes
747 1206 796 1250 sine
814 1205 859 1250 ullo
876 1188 958 1250 ellectu

94 1288 242 1338 eiranescunt,
261 1283 350 1341 siquid
375 1282 513 1328 incommodi
538 1282 703 1340 accipiendum,
727 1286 746 1329 si
764 1286 827 1330 ouius
844 1287 918 1344 gratia
935 1287 958 1331 iu

99 1377 165 1422 quam
181 1365 320 1421 irrepserunt
335 1363 456 1409 excidendi
471 1363 535 1408 adest
550 1362 686 1422 periculum,
701 1363 720 1407 si
736 1376 783 1408 non
799 1366 872 1410 statim
888 1378 959 1423 prae-

97 1443 141 1487 mia
159 1443 313 1502 percipiuntur
328 1472 359 1481 -
375 1455 446 1502 „gens
463 1445 656 1488 mercenariorum
674 1442 703 1487 ad
720 1456 895 1489 omnemauram
910 1449 958 1503 spei

93 1522 184 1567 mobilis
202 1527 269 1581 alque
285 1523 391 1582 perlida.“
431 1522 517 1576 Quibus
533 1522 603 1567 iuncti
620 1527 672 1567 sunt
688 1522 720 1580 ii,
747 1523 784 1582 qui
802 1523 846 1569 alia
864 1525 887 1570 in
903 1538 958 1583 spe-

94 1601 152 1646 ciem
168 1602 391 1660 praeferentesnilril
406 1602 535 1659 moliuntur,
553 1603 596 1648 nisi
612 1607 635 1648 ut
653 1603 749 1649 civitatis
767 1604 855 1649 formae
868 1611 959 1653 muten-

94 1686 138 1740 tur,
155 1686 179 1727 ut
197 1684 296 1727 omnium
313 1695 389 1728 rerum
404 1686 505 1740 potestas
521 1682 551 1727 ad
567 1695 635 1727 uuum
651 1683 755 1741 populum
771 1685 896 1742 perveniat.

158 1762 204 1810 Sed
219 1764 243 1808 in
261 1763 359 1809 ecclesia
375 1775 465 1822 semper
480 1763 577 1820 luerunt,
594 1764 675 1823 quiec
696 1763 757 1821 loco,
773 1776 816 1821 quo
832 1765 900 1823 positi
916 1777 957 1810 os-

97 1847 164 1900 sent,
191 1842 252 1888 baud
269 1844 369 1888 contenti
385 1847 478 1899 essent,
500 1843 538 1901 qui
558 1843 653 1900 orbem,
679 1840 856 1901 quemlacultas
871 1845 958 1903 ingenii

98 1923 197 1981 ipsorum
215 1929 237 1968 et
254 1936 329 1969 rerum
343 1927 414 1968 status
431 1921 632 1980 determinassem,
648 1922 728 1981 egredi
746 1928 859 1981 cuperent.
894 1923 959 1969 Cou-

96 2006 210 2051 tentiones
229 2004 258 2050 ob
275 2003 390 2063 dignitatis
407 2003 509 2049 ordinem
525 2007 644 2062 susceptae
658 2004 702 2048 iam
720 2002 778 2048 inter
794 2004 879 2061 primos
891 2004 958 2049 Chri-

98 2087 185 2131 stianos
207 2085 333 2129 obtinuisse
354 2088 515 2129 memorantur.
552 2083 598 2128 lam
622 2083 725 2142 discipuli
745 2084 899 2141 apostolorum
916 2084 960 2129 ad-

97 2177 177 2209 uersus
193 2163 405 2208 vehementissimos
421 2162 549 2207 ambitionis
567 2162 661 2207 allectus
683 2163 706 2207 in
725 2162 829 2208 ecclesiis
845 2164 958 2209 nonnullis

97 2257 199 2304 pugnare
216 2243 363 2304 cogebantur.
404 2242 449 2287 lam
466 2242 567 2286 Clemens
582 2241 699 2286 Romanus
715 2244 806 2301 scripsit
823 2245 852 2289 ad
874 2245 957 2290 Coriu-

99 2324 175 2381 tlrios‚
199 2324 238 2368 ubi
261 2324 327 2381 pauci
352 2322 457 2382 quidam,
479 2321 564 2366 inuidia
586 2326 609 2367 et
630 2322 706 2375 ‚livore
732 2323 835 2380 incitati,
863 2339 959 2385 magnas

101 2403 270 2449 controuersias
292 2415 319 2447 ac
338 2402 461 2447 simultates
480 2406 663 2460 provocaverant
679 2406 702 2447 et
720 2401 832 2462 legitimos
847 2405 959 2451 sacerdo-

101 2490 136 2530 tes
150 2481 288 2542 expulerant.
525 2479 528 2482 ’

195 2569 291 2629 „Turpia
306 2572 365 2625 sunt⁷
381 2566 464 2624 dilecti,
483 2581 509 2613 ac
524 2567 591 2614 valde
607 2569 691 2629 tur-pia,
715 2574 738 2616 et
755 2570 880 2617 Cbnstiana
898 2585 958 2618 con-

196 2651 328 2697 versatione
343 2648 454 2708 indigna,
473 2649 545 2694 audi-ri
555 2650 724 2706 ‚brutissimum
740 2656 763 2697 et
780 2652 893 2711 antiquam
912 2653 958 2699 Co-

195 2733 329 2779 rinthiorum
346 2729 481 2785 Ecclesiam,
496 2735 587 2788 propter
601 2745 669 2777 unum
681 2739 719 2777 aut
733 2733 828 2778 alterum
843 2734 958 2779 bominem

195 2819 275 2859 contra
291 2811 438 2872 presbyteros
461 2810 594 2857 seditionem
615 2818 732 2858 moreref‘
770 2814 799 2858 Et
823 2814 889 2873 paulo
906 2821 958 2862 aute

195 2895 271 2955 „Beati
286 2892 420 2954 presbyt-eri,
437 2892 495 2936 viam
512 2895 572 2951 prius
587 2894 683 2951 emensi,
698 2895 735 2953 qui
751 2894 889 2939 fructuosam
904 2909 959 2955 per-

195 2976 323 3035 fectamque
341 2973 459 3019 consecuti
471 2979 521 3018 sunt
536 2974 720 3020 dissolutionem:
737 2976 857 3020 nonenim
873 2988 958 3021 veren-

194 3063 229 3102 tur
248 3057 342 3116 nequis
359 3068 400 3101 eos
417 3053 537 3100 transferat
554 3054 648 3101 deloco
665 3056 721 3115 ipsis
738 3057 872 3103 constitutolt
883 3061 911 3114 1).

104 3178 283 3187 ν-..μ--ψ-

141 3241 160 3292 1)
175 3239 236 3277 Clem.
255 3242 337 3278 nomen.
352 3238 378 3277 ad
393 3237 509 3277 Corinthios
524 3230 586 3289 Epist,
598 3224 615 3276 l.
630 3252 647 3279 c.
660 3223 691 3278 48³
702 3246 723 3278 et
736 3252 752 3277 c.
767 3237 799 3276 dl.
