1979 3399
401 126 436 136 „-
476 101 530 150 390
564 125 604 135 ..-

121 240 176 285 ,His
201 239 258 284 locis
280 238 347 296 plane
370 238 517 284 oorrsentiens
534 236 708 296 Chrysostomus
730 236 753 281 in
775 235 870 282 Homilia
886 237 895 283 l
911 241 935 284 in
960 299 962 303 Α

74 321 162 379 epistol.
181 319 209 365 ad
225 318 337 378 Ephesios
355 322 378 373 §.
394 318 409 363 3
427 318 509 364 docet:

137 399 284 459 „adtondent
294 399 389 459 9999999,
408 400 463 459 qnid
473 399 517 445 sibi
532 398 579 444 vult
591 396 665 443 illud?
680 397 709 443 Ut
728 396 777 457 quis
794 397 867 456 ipsum
884 397 936 445 lau-

75 483 132 528 det?
154 482 181 527 Ut
198 483 248 541 quis
265 474 337 541 ipsum
352 481 481 541 glorificet?
505 481 534 526 Ut
549 492 600 537 nos,
617 478 701 539 angeli,
718 478 869 538 archangeli?
891 479 937 525 Sed

73 567 96 606 et
112 562 186 607 onuiis
208 562 330 607 9999999999
354 561 383 606 Ε9
398 561 528 620 quidhoc?
549 560 615 607 Nihil.
648 561 709 605 Deus
725 559 785 603 enini
799 560 860 603 nullo
876 564 935 619 eget.

77 639 125 685 Gur
143 653 240 698 99999
217 641 266 685 99999
284 654 332 685 999
316 640 383 686 991999
404 640 539 687 9999199999
554 627 556 630 ’
553 639 604 698 9999
604 639 750 697 9999999199
765 640 789 684 in
805 640 877 698 ipsum
893 652 937 685 99-

72 720 132 765 99999
149 720 204 765 siti
204 721 301 767 9991999
318 720 523 780 ferocientis
538 719 700 765 9999999999
716 719 772 765 9991999
788 719 852 765 9999999
867 720 936 778 cupit,

73 809 144 856 9999999
162 804 266 845 9999999999
283 801 327 846 soli
329 806 392 845 item:
415 814 461 845 9999
445 813 514 844 99999
502 799 594 843 99999999
579 813 637 855 999,
652 812 699 843 99999
713 799 817 857 99999999,
831 813 877 845 9999
892 799 938 846 9999-

72 877 937 940 9999999999,99999999999999199[9999999999.119999999199991999999919999-

74 964 136 1005 ratur
154 974 205 1006 eam
233 973 291 1019 quae
316 962 340 1006 in
358 974 384 1006 se
400 961 461 1006 facta
479 964 513 1005 est
529 965 588 1020 grtia
581 962 641 1017 am,
667 961 773 1005 atttenior
789 960 860 1005 99999
847 959 938 1005 etdili-

75 1041 235 1099 ge11101“'

138 1122 217 1180 Neque
240 1121 278 1166 liic
294 1122 398 1167 consistit
414 1135 432 1166 s.
451 1121 632 1180 Clripsostoinus,
647 1121 688 1165 sed
705 1120 831 1178 oppositam
849 1119 938 1165 doctri-

77 1214 129 1246 nam
146 1206 258 1245 amentem
274 1205 340 1259 atque
359 1201 448 1259 impiam
466 1205 541 1246 uocat.
574 1201 657 1247 Scribit
672 1200 772 1245 enimin
788 1198 883 1244 Humilia
899 1198 938 1261 llll

74 1280 99 1323 in
115 1279 232 1337 epistolant
250 1280 280 1323 ad
295 1279 386 1337 Philipp.
404 1293 423 1323 c.
441 1272 468 1335 11,
490 1292 548 1337 quae
565 1284 700 1337 sequuntur:
724 1281 807 1336 ,11999
825 1280 861 1324 dic
877 1280 938 1335 milii,

78 1359 218 1418 gloriaest?
234 1358 295 1418 Ergo
306 1363 425 1417 antequam
437 1358 540 1402 homines
551 1356 605 1402 facti
620 1363 703 1415 essent,
720 1363 839 1418 antequam
855 1359 938 1419 angeli,

77 1445 197 1497 antequam
215 1427 361 1496 archangeli,
386 1450 433 1482 non
455 1443 504 1482 erat
528 1439 551 1481 in
572 1438 652 1496 gloria.
685 1439 772 1483 Etenim
796 1441 815 1484 si
836 1440 894 1483 liaeo
911 1453 938 1484 ea

77 1518 150 1579 gloria
167 1523 217 1576 est,
244 1531 301 1577 quae
324 1521 415 1577 superat
435 1529 524 1562 onmem
541 1517 653 1577 gloriam,
676 1518 722 1564 hoc
736 1520 795 1564 enini
812 1518 939 1579 significant

76 1600 208 1657 diapenta,
227 1600 288 1656 999999
302 1603 336 1642 999
350 1613 420 1656 super
441 1612 505 1643 9999999
522 1612 602 1643 9999999
609 1613 619 1652 ,·
637 1604 699 1644 99999
714 1600 803 1644 tametsi
825 1601 849 1644 in
865 1600 938 1657 gloria

76 1685 133 1738 erat,
151 1684 173 1725 at
189 1679 267 1725 saltem
283 1679 307 1723 in
323 1681 419 1733 minoio,
437 1692 503 1737 qumn
519 1691 579 1723 nunc
597 1679 632 1723 sit
664 1677 741 1723 Huc
733 1679 801 1737 9999999·
823 1683 939 1737 sportulis,

77 1760 148 1805 ctob
174 1759 212 1804 1999
181 1774 233 1804 99999
256 1772 335 1804 99999
336 1774 366 1812 99
385 1758 481 1816 9999999999
484 1772 520 1802 99999
535 1762 695 1815 999999999999
704 1757 811 1815 onnia
834 1771 885 1802 cora
868 1757 939 1813 99999999,

78 1854 124 1884 non
141 1839 746 1896 99999999199999999911999999,99919199999999999999,
768 1839 938 1896 99999999999999

74 1919 247 1979 9999999999999
225 1919 282 1963 tur?
311 1917 336 1962 99
337 1918 434 1963 9199999
412 1918 494 1963 99999999
542 1917 639 1963 919
631 1931 651 1963 99
667 1924 743 1976 9999
714 1919 832 1963 9999999999
845 1924 864 1976 )

139 2001 250 2045 Damnata
265 2004 300 2044 est
316 2001 385 2058 igitur
401 1998 473 2044 doot'
447 2004 506 2045 trina
526 2000 548 2043 in
570 2000 671 2045 thesibus
690 1999 863 2046 Coloniensibus
881 2009 951 2060 quae

79 2083 202 2126 comnnmis
226 2081 324 2125 onmium
345 2081 521 2125 Christianorum
534 2080 608 2138 fuiti
601 2082 715 2144 9999999999
679 2079 762 2125 99999999
732 2095 785 2125 99999
802 2093 853 2127 esse
869 2087 939 2127 testes

77 2159 122 2204 fide
141 2159 267 2217 dignissimi
284 2159 410 2216 spondent,
431 2172 496 2217 quam
520 2158 685 2204 ducissime
705 2162 840 2206 sanctissimi
862 2167 939 2220 patres

79 2238 215 2295 delendnnt3
233 2239 355 2297 approbata
374 2242 409 2282 est
426 2238 528 2283 doctrina
540 2251 605 2297 quam
621 2241 718 2285 caeteris
729 2241 829 2300 patribus
840 2254 940 2287 consen-

78 2319 184 2363 tientibus
208 2331 226 2363 s.
246 2317 419 2375 Glirpsostornns
445 2321 553 2361 9999999999
576 2308 598 2362 99
618 2314 711 2375 diripiunt
732 2325 815 2376 vocat,
838 2325 903 2377 atque
920 2321 939 2365 si

79 2399 188 2444 Perronio
209 2398 337 2452 9999999999,
361 2397 420 2440 liano
437 2398 507 2454 ipsam
525 2396 650 2441 doctrinam
669 2411 766 2445 summus
782 2399 849 2444 etiarn
864 2401 940 2458 ponti-

82 2480 122 2525 fex
142 2478 280 2536 approbarit,
294 2475 354 2519 illam
368 2476 462 2522 reiecit!

140 2555 572 2617 GregoriusNazianzenus:

142 2639 275 2698 „Enimuero
293 2649 357 2682 mens
373 2637 417 2681 iam
436 2640 459 2679 et
475 2648 562 2694 sensus,
579 2640 612 2683 sic
630 2641 724 2685 intense
740 2639 845 2696 discreta,
859 2638 940 2684 finibus

79 2719 126 2762 suis
144 2729 169 2761 se
188 2718 346 2774 continebant7
365 2714 523 2771 effectorisquo
547 2717 611 2761 vorlti
632 2720 772 2763 maiestatem
797 2721 820 2764 in
841 2733 866 2764 se
885 2720 940 2778 ipsis

79 2797 191 2852 ferebant,
208 2797 271 2842 taciti
285 2796 416 2841 laudatores
428 2794 524 2853 insignis
538 2795 627 2854 opificii⁷
646 2803 668 2842 et
684 2798 794 2843 celebres>
804 2811 939 2857 praecones.

79 2877 183 2923 Nondum
206 2882 279 2921 autem
296 2878 411 2936 utriusque
431 2876 561 2933 temperatio
578 2877 621 2922 nlla
638 2883 698 2935 erat,
723 2883 760 2924 aut
776 2872 940 2925 contrariorum

80 2958 184 3014 mixtura,
204 2941 262 3016 quae
279 2957 414 3002 sublimioris
432 2956 555 3014 sapientiae
573 2970 600 3002 ao
616 2958 678 3003 circa
694 2963 824 3005 naturarum
840 2962 941 3005 oreatio-

124 3127 143 3178 1)
158 3126 258 3175 Clrrpsost.
278 3129 352 3166 Horuil.
368 3129 405 3167 Vll
426 3130 447 3167 in
470 3130 527 3180 epist.
543 3130 567 3168 ad
586 3132 673 3186 Philipp.
690 3132 711 3169 C.
725 3133 745 3170 ΙΙ
758 3137 807 3170 tom.
822 3131 848 3169 xl
868 3131 940 3183 p.150

167 3196 198 3233 ed.
212 3197 277 3234 Maur.
