1979 3399
358 30 562 105 *rar-‘-

33 197 109 241 laetae
127 195 252 242 succedere
277 209 346 256 posse
368 197 499 256 videbatur,
526 211 554 244 eo
577 197 650 257 uragis
671 194 732 256 quod
747 198 894 239 asseverante

32 275 122 321 Vicario
144 276 246 336 generali
271 277 300 322 ob
324 278 397 323 solum
420 278 581 338 Imperatoriae
603 279 652 323 irae
677 280 759 322 metum
780 274 894 320 confectio

31 357 173 401 instrumenti
189 356 320 402 Collationis
336 358 500 413 recusabatur,
516 356 621 416 quodque
646 356 728 402 eodem
746 358 895 401 asseverante

31 438 117 496 agnitio
134 438 158 482 in
175 435 304 481 Proiocollo
319 437 446 495 perscripta
462 435 577 493 sulficere,
595 437 617 482 11.
629 450 649 482 e.
667 438 741 482 uicem
760 433 893 480 Collationis

32 518 152 570 sustinere,
168 515 286 560 videlratnr
295 529 302 571 ;
319 541 351 550 -
367 519 414 559 tum
430 513 491 572 quod
507 515 641 561 Investitura
659 518 707 562 sive
726 517 838 561 canonica
854 514 895 559 lu-

32 596 116 641 stitutio
140 594 288 639 Collationem
304 595 461 653 praecessisse
479 594 568 651 statuit,
586 600 620 651 ut,
645 598 682 654 qui
698 598 757 642 illam
773 597 893 655 impendat,

31 678 52 721 is
71 674 219 719 Collationem
242 675 292 719 sive
317 674 360 719 rite
383 673 466 719 lactem
491 673 540 719 sive
555 674 664 720 vicariam
680 677 728 721 eius
744 676 893 720 sufficientem

32 756 81 815 ipso
97 755 157 800 sacto
173 759 289 813 agnoscat.
321 754 384 800 llaec
408 760 454 800 tum
469 753 602 799 investitura
620 768 633 799 a
650 755 762 799 nonnullis
782 769 893 801 nouorum

33 829 186 895 collegarum,
197 836 235 894 qui
251 847 292 879 suo
309 835 402 879 nomine
413 839 435 879 et
444 847 485 892 pro
499 835 582 880 ceteris
600 833 711 890 dicebant,
728 836 799 879 statim
811 848 892 881 serere

32 921 55 973 et
70 914 157 960 fortiter
173 914 333 973 postulabatur.
365 914 414 960 Hac
434 916 558 960 occasione
575 914 603 960 ah
619 928 665 961 uno
680 920 781 961 veterum
800 915 893 975 Capitu-

31 998 109 1042 larium
129 997 152 1041 in
172 1009 278 1041 serrnoue
293 997 382 1055 privato
398 996 530 1052 iaciebaiur,
545 1009 598 1041 sese
616 996 671 1041 dare
688 995 746 1041 velle
763 1009 820 1056 quae
836 1008 893 1055 pes-

32 1083 90 1132 sent,
108 1077 150 1122 sod
167 1078 299 1122 canonicam
323 1078 487 1123 lrrstitntioncm
503 1077 552 1122 fieri
568 1090 615 1122 non
630 1088 706 1136 posse,

96 1159 145 1212 Quo
171 1170 277 1203 sermone
300 1158 361 1203 iacto
384 1157 537 1203 confabulatio
559 1157 618 1202 inter
642 1155 745 1215 singulos
770 1161 894 1202 consecuta

32 1243 73 1285 est.
96 1239 149 1285 Post
164 1251 237 1285 annos
252 1239 302 1284 fere
319 1238 375 1284 duos
386 1243 409 1284 et
419 1238 533 1284 dimidium
542 1238 591 1283 fieri
602 1238 686 1296 nequit,
702 1242 727 1282 ut
742 1236 892 1296 quodeunque

31 1320 125 1368 1111111111
142 1325 195 1364 tuuc
211 1320 317 1364 emissum
327 1319 463 1363 memineris.
497 1317 541 1365 Sed
557 1319 581 1362 id
598 1330 677 1361 11111111
694 1322 736 1374 est,
753 1317 819 1362 lmius
834 1329 894 1361 con-

34 1396 177 1443 lalmlationis
194 1395 277 1442 nnllam
293 1398 338 1442 vim
355 1402 377 1442 et
390 1397 494 1442 ellectum
511 1398 595 1454 fuisse,
612 1411 658 1442 non
677 1398 801 1442 sententias
819 1397 847 1442 de
865 1410 893 1442 ea

33 1479 99 1535 latas,
115 1477 198 1522 nrrlluur
214 1477 307 1535 Capituli
324 1477 439 1522 decretum
449 1483 602 1536 consecutum,
620 1478 702 1523 rudlam
719 1477 832 1522 delinitam
849 1477 894 1523 de-

35 1558 180 1602 clarationem
195 1556 277 1601 factam
295 1570 359 1613 esse3
375 1559 436 1602 unde
453 1561 634 1617 consectarium,
648 1558 709 1603 lianc
725 1557 894 1604 contabulatio-

34 1650 94 1693 nem,
111 1635 216 1694 paulatim
225 1621 524 1695 'sponte‘ohrnuteseentem
540 1651 582 1697 pro
601 1646 662 1685 certa
680 1639 832 1684 declaratione
847 1638 893 1683 lra-

34 1717 84 1761 beri
99 1731 145 1761 non
159 1731 243 1776 posse,
260 1718 327 1762 immo
343 1730 422 1763 uerum
439 1723 473 1764 est
488 1731 529 1765 eos
542 1704 615 1765 nores
634 1719 779 1778 Capitulares‚
797 1717 834 1775 uni
851 1711 893 1762 sno

35 1803 57 1843 et
75 1803 201 1843 ceterorum
215 1800 306 1844 nomine
328 1797 389 1856 loqui
406 1803 541 1858 coeperant,
563 1799 635 1859 palam
655 1805 678 1845 et
700 1798 760 1844 clare
776 1797 895 1856 professos

35 1891 104 1936 esse,
126 1891 151 1924 se
178 1879 202 1924 in
222 1878 323 1939 Capitulo
349 1891 401 1924 esse
417 1878 493 1936 nolle,
508 1879 552 1925 nisi
573 1879 684 1924 canonice
701 1879 796 1924 instituti
812 1879 894 1923 existi-

35 1963 156 2003 merentur.

95 2038 178 2084 Verum
194 2042 244 2095 est,
267 2043 319 2097 post
335 2039 393 2084 hacc
408 2041 457 2084 sine
474 2039 518 2084 ulla
535 2039 683 2096 conditione,
707 2044 730 2082 et
750 2027 811 2083 nulla
833 2039 891 2084 illius

36 2117 223 2163 ooulalrulatiouis
239 2119 327 2163 ratione
344 2118 427 2175 habita,
443 2119 599 2164 investituram
616 2119 682 2163 nohis
698 2118 771 2161 daiam
788 2130 840 2162 esse
857 2118 891 2163 sio

35 2203 59 2242 ut
74 2200 117 2243 iam
134 2198 228 2243 dicetur
261 2199 345 2243 Omnes
357 2210 408 2254 nos,
425 2211 483 2242 unus
499 2204 550 2256 post
566 2200 666 2255 alterum,
681 2201 705 2242 in
720 2198 782 2243 curia
799 2198 892 2256 Capitu-

35 2278 84 2334 lari,
97 2292 186 2323 mannrn
202 2277 331 2336 porrigente
350 2278 441 2322 Vioario
464 2278 566 2337 generali
578 2282 600 2333 1)
622 2277 722 2336 Capitulo
739 2277 892 2337 praesidente,

36 2359 100 2404 llexis
123 2360 219 2419 genibus
242 2359 409 2418 professionem
425 2360 478 2405 fidei
495 2364 518 2404 et
533 2360 681 2404 iurarnentnm
700 2358 782 2403 silentii
797 2359 892 2417 peregi-

36 2440 96 2486 mus!
114 2440 235 2499 Deinceps,
252 2441 312 2486 nullo
329 2440 445 2487 intervallo
461 2441 569 2500 temporis
585 2440 726 2499 interposito,
742 2452 787 2485 una
798 2440 894 2503 eadem-¹

37 2532 79 2577 que
96 2522 185 2566 actione
203 2521 342 2580 procedente
359 2534 424 2567 more
439 2521 498 2580 apud
515 2534 558 2567 nos
577 2522 643 2567 solito
659 2534 700 2580 per
715 2521 893 2580 assignationem

37 2603 59 2643 et
73 2603 245 2659 possessionem
268 2602 371 2647 locorum
393 2602 417 2647 in
439 2603 501 2648 curia
517 2602 637 2662 Capitnlari
654 2607 677 2647 et
692 2601 782 2658 Choro,
805 2601 892 2646 dnobus

38 2679 198 2739 Capitularilrus
220 2683 334 2728 veteribus
352 2684 381 2728 ad
405 2682 428 2728 id
453 2684 569 2743 negotium
589 2683 714 2742 deputatis,
737 2684 780 2729 rite
799 2681 891 2728 instituti

38 2771 118 2808 suiuus.
177 2766 181 2772 ’

44 2918 228 2935 ..ΨΜ

79 3022 99 3074 1)
113 3026 159 3062 Non
177 3027 265 3064 alienum
284 3026 366 3064 uidetur
386 3030 496 3068 lectoribus
513 3031 535 3068 in
552 3035 639 3067 mentem
658 3039 751 3065 reuocare
765 3026 893 3077 1111111111-

112 3095 164 3133 rinm
182 3098 295 3146 generalem
310 3096 396 3135 eundem
411 3113 465 3145 esse,
487 3102 591 3151 quinrmc
605 3106 635 3136 est
652 3098 816 3150 archiepiscopus
832 3099 896 3139 Colo«

115 3166 197 3214 niensis,
213 3169 306 3207 Clemens
320 3170 420 3218 Augustus
435 3170 460 3207 de
475 3168 697 3218 Droste-Viselrering.
