1979 3399
370 83 570 156 -om-

43 221 132 266 tra-eris«
152 219 242 278 tribuit,
260 221 320 280 qnod
343 222 456 267 etiamtum
473 222 584 268 lectiones
602 221 719 280 habebat,
744 222 788 268 laos
812 223 902 270 labores

42 307 160 360 tantasque
182 316 308 361 aerumnas,
326 317 381 362 qiras
394 305 505 349 continuo
523 310 627 364 expertus
646 306 693 362 est,
709 318 754 350 non
773 304 811 350 diu
831 307 902 350 susti-

42 396 97 428 nere
114 386 218 440 poterat;
235 388 334 427 mortuus
348 388 383 428 est
396 383 417 428 vl.
432 382 462 428 98
474 397 504 428 m.
517 384 570 430 blaii
582 400 609 437 a.
624 386 698 432 1831:
715 399 794 432 menso
804 387 906 433 Novem-

42 465 76 510 bri
94 477 114 509 a.
134 462 194 507 1899
211 462 422 509 llleeius‘Bonnarn-
435 462 543 509 venerab
560 494 589 501 -

104 543 177 589 Etiam
187 549 348 602 postmortem
364 545 477 589 Hermesii
493 547 582 602 species
594 547 756 593 auditoriorum
768 534 903 593 Wirnlisclr-

41 625 117 671 manni
133 629 155 670 et
166 619 235 670 llle‘ei
257 626 352 684 primum
373 625 415 670 alia
440 620 562 670 laela'non
581 632 621 672 est.
653 628 681 673 Ut
697 617 740 674 alia
758 631 835 688 fieret,
859 644 903 676 ima

42 708 78 753 via
95 708 182 768 reliqua
199 708 261 765 erat,
284 708 394 753 auditoria
411 712 539 753 ceterorum
561 709 674 766 onmium,
697 711 734 769 qui
756 711 847 757 easdem
865 725 903 756 res

42 790 176 848 tradebant,
199 789 323 834 claudenda
345 794 416 833 erant.
450 788 549 848 Contigit
572 802 627 834 sane
643 787 862 848 lllimlischmanno,
878 798 903 837 ut

42 872 99 915 liaeo
122 871 158 915 via
182 883 225 929 ope
243 870 408 928 archiepiscopi
435 868 708 929 Clementis*Aapustlvle
724 869 808 914 Dror'te
821 886 902 918 revera

41 953 142 996 iniretur.
173 950 222 994 Hoc
242 951 365 1008 praemium
388 949 436 993 tulit
452 949 665 995 Windiselrmanmis
687 950 788 994 laborum
813 965 854 1009 per
869 957 903 997 tot

42 1031 301 1078 annoscxantlatornm!
331 1030 408 1076 Studia
426 1030 474 1074 eins
492 1043 519 1074 eo
538 1030 612 1075 acrius
629 1036 768 1085 exarserant,
786 1044 829 1088 quo
847 1046 902 1090 pro-

41 1114 90 1171 pius
109 1110 220 1156 adfinem
238 1113 382 1165 accesserat,
408 1114 475 1166 atque
492 1121 544 1166 spes
563 1108 684 1167 cupiditate
701 1109 790 1155 admota
808 1113 901 1158 itacius

42 1193 138 1235 arvirmnn
155 1187 344 1245 obcaecaverunt,
365 1194 389 1232 ut
412 1200 456 1232 nec
472 1188 499 1232 iis
517 1188 606 1245 qviirtem
629 1192 748 1236 contentus
769 1197 829 1236 esset
845 1206 902 1250 quae

42 1270 226 1328 archiepiscopus
242 1269 384 1315 moliebatur.
418 1268 498 1314 Omnia
522 1269 542 1312 ei
569 1269 634 1314 nimis
651 1269 714 1314 tarde
740 1272 901 1330 procedebant,

42 1352 140 1409 ideoque
166 1364 321 1409 quatecunque
351 1352 496 1396 occasionem
525 1351 630 1408 arripuit,
653 1365 696 1409 qua
720 1352 779 1397 lirino
805 1366 901 1411 praesu-

41 1432 84 1476 lem
107 1430 219 1476 ecclesiae
248 1431 277 1475 arl
301 1431 414 1475 atrociora
442 1421 568 1488 propellere
589 1436 674 1487 posset.
717 1431 836 1487 „Homines
861 1424 900 1478 aa*

41 1509 181 1564 obcaecare,
204 1509 249 1555 lioc
265 1510 293 1554 de
310 1510 404 1568 collegis
420 1511 466 1555 suis
485 1510 643 1555 Bonnensibus
659 1513 764 1570 scripsit,
782 1526 839 1568 „aren
854 1512 900 1557 nisi

41 1602 102 1633 ereata
117 1589 205 1633 scelera
222 1589 345 1645 uclrnittant,
362 1613 392 1622 -
410 1588 467 1632 aitte
483 1588 546 1633 circo
557 1589 634 1633 oerrlos
650 1594 671 1632 ct
688 1590 761 1635 lorica
777 1593 840 1636 circu
854 1607 899 1650 pe-

41 1676 90 1715 ctas
116 1668 210 1727 finnaiter
232 1668 354 1712 constricto
378 1672 431 1713 estf‘
462 1667 609 1713 Nihilominus
635 1674 685 1728 post
708 1671 819 1717 eiusmodi
841 1686 897 1733 gra-

41 1765 81 1795 ves
90 1750 267 1806 criminationes,
279 1753 331 1807 post
340 1753 412 1793 tantas
424 1748 546 1793 calumnias
557 1761 645 1806 semper
654 1748 836 1797 benedictionem
848 1753 898 1810 epi-

41 1832 156 1890 scopalem
172 1830 214 1875 sibi
231 1843 257 1874 ac
270 1831 316 1885 suis
333 1830 369 1875 vir
388 1830 571 1888 religiosissimus
591 1831 692 1889 rogavit!
777 1829 779 1831 ’

103 1911 184 1955 Omnia
211 1909 320 1955 adversus
343 1910 484 1955 Hermesium
512 1911 605 1967 eiusque
632 1910 754 1970 discipulos
777 1911 850 1956 studia
876 1912 899 1955 in

40 1991 67 2034 W
70 1989 242 2038 iudisclrmanno
255 1994 360 2048 tanquam
374 1991 397 2033 in
413 1991 577 2047 receptaculum
591 1991 740 2035 confluebant.
774 1990 899 2043 Quodcun-

41 2085 85 2129 que
101 2076 199 2128 spstema
218 2069 284 2116 lacile
299 2071 421 2127 tolerabat,
440 2085 486 2116 mm
502 2071 649 2116 Hennesiano
667 2076 771 2129 excepto.
806 2070 898 2116 revees

41 2151 95 2196 iuris
109 2152 196 2207 doctor,
211 2150 248 2209 qui
265 2163 374 2195 successu
389 2150 461 2194 minus
478 2149 539 2195 felici
556 2151 579 2194 in
593 2149 672 2194 ordine
689 2149 897 2194 iurisconsultorum

40 2231 193 2276 Bonnensiurn
210 2231 320 2275 lectiones
337 2230 420 2275 habere
438 2230 520 2288 coepit,
537 2243 590 2275 mox
610 2233 680 2274 artam
697 2243 747 2274 cum
764 2227 898 2274 Windisch-

41 2323 122 2354 manno
140 2309 325 2354 consuetudinem
341 2309 419 2353 iunxit.
452 2309 505 2353 Cum
529 2308 647 2367 professor
664 2304 764 2354 Clemens
780 2308 896 2367 Aarpastns

41 2391 68 2434 cle
83 2390 175 2447 Droste,
194 2390 230 2449 qtvi
247 2390 386 2435 Hennesium
402 2390 533 2434 lllonasterii
549 2388 731 2448 Westplralorum
750 2389 859 2443 audierat,
875 2390 897 2435 in

41 2472 123 2517 eodeni
140 2473 220 2517 ordine
239 2473 273 2516 ius
289 2470 390 2516 naturale
403 2484 452 2515 cmn
464 2469 543 2529 plausu
554 2475 576 2515 et
587 2483 695 2516 successu
714 2469 815 2524 doceret,
831 2470 899 2514 Win-

42 2550 202 2596 ‹lisclnnannns
219 2555 295 2594 antem
313 2549 404 2594 easdem
428 2534 523 2595 scholas!
534 2551 569 2595 bis
585 2550 634 2594 sine
650 2550 695 2595 ullo
712 2555 793 2595 eventu
810 2562 899 2593 annun-

42 2632 150 2688 tiavisset,
166 2629 252 2689 larkius
270 2642 335 2688 quem
349 2630 417 2673 morlo
434 2631 597 2675 nominavimus
613 2630 687 2674 statim
702 2632 724 2675 in
740 2630 821 2689 placita
832 2617 897 2672 llross

42 2710 80 2754 atii
103 2711 207 2770 impetum
225 2707 279 2753 lecit
290 2708 301 2752 lv
324 2707 347 2752 In
374 2708 468 2766 epistola
486 2710 506 2754 d.
526 2710 553 2755 98
570 2708 642 2755 illartii
661 2708 720 2754 189l
737 2709 819 2766 scripta
836 2710 898 2754 Dro-

42 2792 106 2848 stius,
124 2804 173 2836 cum
189 2787 286 2834 libellum
303 2801 315 2832 a
330 2801 355 2832 se
372 2788 455 2834 editum
468 2795 486 2846 ¹]
506 2790 616 2843 mitteret,
636 2787 679 2833 hac
702 2789 729 2834 de
746 2804 771 2834 re
787 2790 821 2833 sic
838 2789 898 2834 scri-

43 2871 99 2925 psit:
122 2867 240 2929 ,Clausula
261 2868 408 2927 praelationis
432 2870 524 2929 respicit
547 2869 709 2928 praelationem
734 2870 760 2914 D.
778 2868 850 2913 lor-bii
874 2868 896 2912 in

44 2947 85 2994 liae
104 2952 250 2995 universitate
269 2948 380 2993 docentis.
413 2949 523 3002 Quoniam
540 2951 563 2994 in
580 2949 720 3006 praelatione
739 2948 814 3005 libelli,
833 2950 898 2994 euius

119 3064 254 3073 ‚ww-‘aff-

84 3129 102 3180 l)
118 3121 272 3168 Disserta'tiorres
293 3126 545 3178 inridica-philosophicae
561 3124 671 3161 Clementis
684 3124 767 3175 Augusti
780 3124 804 3162 ile
816 3125 898 3162 Droate-

122 3190 220 3239 tlatshotr.
242 3198 323 3236 brixinae
343 3197 397 3248 alind
414 3198 502 3234 Marcum
519 3193 574 3231 lssssl.
