1979 3399
401 97 606 174 *¹44-

71 238 103 284 ita
121 238 299 299 displicuissent,
323 242 346 283 ut
359 237 500 298 persuadere
522 239 589 283 nobis
611 237 731 283 Perronius
754 239 856 285 curratur,
895 238 932 298 ,ln

73 321 194 376 omnibus,
217 333 275 379 quae
291 323 342 364 acta
365 323 416 364 sunt
432 322 491 365 inter
514 320 603 364 civilem
626 321 759 378 potestatem
778 301 931 364 etVica1²iunr

72 399 203 461 generalem
220 383 248 444 de
264 399 347 444 Droste
364 400 403 445 hic
419 414 449 445 ne
465 400 577 445 minimam
602 399 693 458 quidem
711 399 872 444 dubitationem
889 398 933 443 ad-

74 492 155 525 versus
172 478 287 524 doctrinas
305 471 418 525 Hermesii
439 481 517 525 movit.
555 479 625 524 lmmo
649 483 784 537 quaemus
800 483 933 535 evenerunt,

73 572 102 604 ea
120 559 195 603 omnia
212 558 370 617 testabantur,
396 572 454 618 quae
471 559 561 605 insolita
576 558 658 604 fiducia
676 558 821 604 adhiberetur
836 560 935 604 Herme-

72 639 107 683 sio
125 643 148 683 et
163 638 271 698 theologo
289 643 312 684 et
328 639 473 697 professori,
497 652 525 683 ea
543 639 617 683 omnia
641 638 799 696 testabantur,
826 643 932 697 quantam

26 771 29 775 ,
72 718 183 763 iacturam
200 717 277 763 facere
301 718 356 763 urbs
370 718 531 763 lllonasterium
553 716 701 778 crederetur,
723 717 743 762 si
758 717 888 763 Hermesius
905 732 934 763 ex

74 798 155 844 ordine
173 798 332 858 theologorum
347 798 556 844 llonasteriensimn
571 797 723 855 decederetf‘
744 797 802 842 haec
817 797 855 841 ille
872 799 934 842 scri-

72 880 124 938 psit,
142 879 179 924 cui
195 884 245 923 acta
267 877 305 923 illa
330 879 379 936 ipsa
395 883 487 936 praesto
505 883 569 923 erant
589 883 616 934 1).
656 877 745 922 Revera
771 876 933 921 llermesiusa

73 957 214 1017 praesulibus
230 958 277 1003 suis
294 957 457 1002 ecclesiasticis
473 969 520 1001 non
536 957 607 1002 solum
623 969 669 1002 non
686 955 818 1002 sollicitatus
830 963 874 1002 est:
892 957 934 1002 sed

74 1038 143 1084 iidem
158 1051 233 1083 raram
245 1036 312 1082 fidem
324 1050 351 1082 ac
367 1036 473 1082 fiduciam
485 1037 507 1082 ei
520 1036 651 1082 habuerunt.
674 1036 696 1082 A
709 1037 811 1096 principe
823 1040 933 1098 episcopo

76 1118 217 1174 Corbeiensi,
224 1119 261 1176 qui
272 1119 338 1163 etlam
350 1118 469 1176 episcopus
476 1116 662 1163 llonasteriensis
671 1118 798 1164 nominatus
806 1123 847 1175 est,
857 1119 934 1178 magni

76 1197 237 1244 aestimabatur
260 1197 462 1255 colebaturque2).
495 1196 598 1242 vicarius
621 1197 735 1256 generalis
758 1203 780 1243 et
797 1198 933 1256 apostohcus

75 1279 183 1324 lllartinus
198 1276 311 1322 Fonckius
327 1276 535 1335 Aquisgranensis,
555 1277 590 1321 vir
608 1278 685 1336 gravis
706 1281 729 1322 ot
744 1277 823 1336 Sparta
844 1278 933 1337 dignus,

76 1371 202 1419 quanquam
226 1358 366 1401 universitati
386 1357 502 1401 Bonnensl
525 1369 604 1415 parum
627 1357 734 1415 favebat,
758 1371 884 1417 quanquam
906 1359 936 1403 ad

75 1437 240 1487 sollicitandum
255 1437 395 1482 Hermesium
412 1437 440 1482 ab
457 1437 506 1495 ipso
521 1436 632 1481 Hermesii
649 1437 737 1497 collega
752 1439 877 1483 clanculum
898 1441 936 1483 in-

74 1520 197 1577 vitabatur,
220 1530 347 1579 quanquam
371 1517 481 1563 adversus
503 1517 561 1562 alios
583 1517 670 1563 ordinis
694 1519 818 1579 theologici
835 1519 937 1579 collegas

75 1614 102 1647 re
117 1587 173 1647 vera
190 1604 212 1646 ct
226 1599 315 1645 sortiter
329 1598 473 1656 intercessit,
493 1611 524 1643 ne
541 1598 657 1643 minimum
670 1598 761 1658 quidem
777 1600 801 1644 in
817 1599 935 1644 llermesio

74 1679 215 1740 vituperavit.
248 1678 307 1733 Quid
329 1677 404 1724 dicam
424 1689 472 1722 non
492 1678 645 1736 vituperavit?
686 1678 756 1728 lanmo
774 1679 825 1725 dum
840 1680 933 1726 refelle-

75 1760 115 1806 bat
136 1759 278 1806 accusatoris
294 1759 360 1803 unius
376 1757 472 1813 illorum,
487 1758 525 1817 qui
539 1758 562 1802 in
578 1759 718 1804 llermesium
735 1759 824 1805 fuerumt
840 1761 934 1806 teterri-

77 1841 116 1899 mi,
130 1840 221 1899 placita,
235 1837 346 1884 Hermesii
363 1837 489 1883 doctrinam
504 1850 567 1883 suam
582 1838 650 1884 fecit!
673 1837 797 1898 Episcopus
813 1839 936 1885 Treviren-

77 1924 124 1979 sie,
136 1920 246 1980 Iosephus
265 1919 414 1976 deHommer,
428 1919 545 1965 Hermesio
557 1918 623 1965 lvdem
638 1918 704 1965 nullis
720 1921 820 1966 terminis
837 1921 937 1966 circum-

78 2003 184 2062 scriptam
200 2002 285 2059 habuit,
300 2002 349 2046 eius
367 2001 489 2060 discipulos
506 2006 667 2060 praeceptores
683 2002 707 2046 in
716 2002 860 2049 seminarium
871 2017 935 2049 suum

78 2085 189 2141 adscivit3
213 2089 237 2128 et
260 2083 342 2128 electio
366 2082 394 2128 ab
411 2084 461 2143 ipso
477 2083 531 2128 inita
547 2088 599 2142 post
613 2079 694 2128 multos
711 2096 783 2137 annos
799 2097 895 2144 magnae
913 2086 935 2129 ei

76 2165 177 2211 laetitiae
193 2164 242 2223 luit,
259 2163 364 2223 idemque
380 2168 439 2223 post,
456 2164 566 2209 damnatis
574 2163 686 2209 Hermesii
700 2163 776 2221 libris,
788 2165 890 2210 scribere
907 2178 936 2209 ne

77 2248 192 2292 minimum
219 2243 309 2304 quidem
334 2243 457 2289 dubitavit:
482 2243 548 2302 ,tlibi
569 2242 598 2288 de
621 2243 732 2290 Hermesii
756 2257 847 2304 operum
870 2250 936 2303 atque

79 2329 129 2373 eius
154 2324 290 2383 orthodoxia
311 2335 384 2382 usque
407 2324 466 2393 adeo
481 2336 626 2381 ‚persuasum
649 2328 696 2380 est,
721 2328 745 2367 ut
770 2324 866 2368 maxime
892 2326 937 2369 rni-

79 2420 130 2453 rum
151 2405 268 2459 videatur,
292 2402 404 2461 quomodo
428 2403 534 2447 accidere
550 2404 659 2460 potuerit,
680 2407 705 2447 ut
721 2401 749 2446 de
765 2403 872 2448 librorum
888 2404 937 2448 cius

82 2484 220 2546 orthodoxia
246 2481 396 2526 dubitaretur<
419 2484 446 2536 ³).
495 2480 670 2527 Administrator
701 2482 835 2530 dioeceseos
861 2484 938 2529 Osna-

81 2564 203 2625 brugensis
215 2574 273 2607 >non
289 2561 398 2605 minorem
417 2561 498 2605 in'eum
516 2560 619 2606 fiduciam
635 2563 740 2621 ponebat,
765 2577 830 2623 quam
843 2565 937 2623 episco-

81 2659 124 2707 pus
138 2643 295 2692 ,Trevirensis
328 2640 349 2685 ls
372 2642 447 2698 enim,
461 2645 486 2684 ut
501 2646 552 2686 ante
568 2642 676 2702 vidinms,
697 2643 827 2705 theologiae
848 2644 937 2691 studio-

81 2729 114 2774 sis
139 2737 194 2772 suae
221 2723 336 2770 dioecesis
359 2734 440 2767 severe
462 2728 625 2781 praeceperat,
643 2728 675 2769 ut
696 2736 832 2784 unoquoque
856 2726 936 2770 trime-

83 2808 124 2854 stri
142 2805 253 2851 curriculo
273 2802 376 2849 absoluto
393 2802 543 2854 testimonium
564 2816 650 2849 ntorum
674 2808 697 2849 et
720 2804 849 2864 diligentiae
867 2804 937 2850 aller-

28 2886 30 2888 ’
82 2890 140 2944 rent,
155 2899 169 2930 a
183 2885 278 2930 Derane
295 2881 408 2929 facultatis
426 2879 569 2941 theologicae
586 2886 608 2933 et
623 2883 652 2929 ub
668 2883 786 2929 Hermesio
801 2885 938 2943 professore

159 3090 177 3114 vt
190 3077 228 3114 Die
241 3076 350 3117 Wahrheit
364 3077 386 3114 iu
399 3075 435 3113 der
448 3075 599 3114 Hennes’schen
615 3076 684 3122 Socha.

126 3077 136 3111 1

126 3077 147 3198 2))
163 3148 228 3185 Esseri
242 3149 290 3185 Vita
304 3147 403 3186 Hermesii
419 3161 439 3200 p.
456 3144 500 3186 too.

126 3216 147 3269 3)
162 3229 180 3257 v.
195 3217 242 3255 ncta
257 3219 353 3259 nomana.
