1979 3399
402 53 656 136 ·-ar-'-

74 224 184 272 incertum
201 240 213 272 a
232 229 294 272 certo
317 228 453 270 secerneret.
471 223 587 268 ‘l'rolerat
604 226 735 283 argumenta
753 229 790 269 ant
812 213 931 271 mendacia

74 308 181 352 revocet!
649 351 651 355 ,
776 354 780 363 .

138 386 226 431 Transit
249 398 261 429 a
283 383 383 428 Cartesio
407 382 436 428 ad
457 384 598 430 recentiores
620 383 782 443 philosophos,
799 388 931 444 praesertim

76 480 131 523 eos,
149 467 185 525 qui
206 469 229 511 in
253 465 371 511 Germania
392 465 540 525 prodierunt,
563 479 663 527 quosqqe
686 467 734 525 ipse
759 480 870 526 nunquam
893 469 932 523 le-

75 550 120 606 git,
136 548 250 603 h'autium,
265 546 387 604 Fiehtium,
400 546 572 608 Sehellingium,
586 547 710 608 llegelium,
720 548 784 593 alios.
808 548 857 601 Quo
870 548 930 594 lacto

75 629 163 674 demum
187 629 315 688 regreditur
337 630 365 674 ad
389 630 528 675 Hermesium
547 644 599 690 pag.
617 630 678 675 339:
702 646 757 688 „orn
773 633 846 677 coelici
863 634 931 678 hual-

75 717 151 756 mente
168 712 197 756 ad
213 712 314 758 Ermes.“
346 710 413 754 Prurlo
435 715 486 768 post
509 709 561 755 inde
582 724 595 754 a
616 722 667 769 pag.
684 709 728 755 341
745 724 815 769 usque
833 711 862 755 ad
879 726 930 772 pag.

77 791 124 835 ssll
143 796 259 835 enumerat
281 791 346 850 locos
367 789 491 849 quosdam,
514 805 526 834 e
544 791 624 849 qrrihus
640 790 733 850 intelligi
750 791 805 836 satis
821 806 931 852 superque

77 873 197 928 existimat,
214 873 352 916 llcrmesium
370 871 439 916 luisse
458 886 536 930 purum
549 878 624 931 putum
642 874 770 930 scepticmu.
802 873 931 930 Ernrrnerat,

76 953 182 1011 inquam,
199 953 241 998 hos
257 953 336 1010 locos,
351 965 397 996 non
414 952 543 1011 perpendit,
565 966 612 997 non
628 953 732 1012 explicat,
750 967 796 998 nou
812 952 879 999 hahet
894 955 931 999 ul-

76 1034 121 1079 lam
137 1034 247 1079 rationem
264 1038 393 1089 contextus,
414 1045 460 1078 non
481 1033 611 1078 considerat
627 1033 693 1092 illud,
717 1035 776 1094 quod
794 1036 891 1080 maxime
908 1036 930 1079 in

77 1128 169 1159 censum
185 1116 254 1170 venit,
270 1113 410 1158 llernresium
427 1112 510 1171 ultique
526 1125 653 1158 sermonem
669 1113 745 1158 lacere
762 1127 807 1157 nou
825 1112 852 1157 de
866 1127 931 1157 com-

76 1197 137 1241 muni
153 1195 313 1255 intelligentia,
327 1193 369 1240 scd
385 1194 413 1238 de
430 1194 504 1239 altiori
519 1200 541 1239 et
556 1194 693 1252 perfectiori,
711 1207 768 1252 quae
784 1195 834 1239 κατ’
849 1192 932 1253 ἐξοχὴν

78 1277 201 1336 appellatur
218 1276 318 1321 scicntia.
351 1275 472 1320 Enuruerat
489 1280 580 1331 tantum,
596 1275 619 1319 id
634 1288 701 1319 unum
720 1276 837 1334 praeterea
853 1288 932 1334 agens,

75 1362 99 1400 nt
120 1356 208 1415 singula
230 1355 299 1400 verha
322 1355 402 1407 litteris
426 1355 521 1400 cursivis
546 1359 583 1400 aut
603 1355 731 1400 maiusculis
756 1369 840 1401 excusa
867 1369 931 1400 com-

73 1442 173 1496 pareant.
819 1433 821 1437 ’

138 1518 223 1562 Primus
239 1516 319 1572 loeus,
336 1528 400 1574 quem
418 1515 443 1560 in
460 1528 523 1560 suam
539 1528 587 1560 rem
602 1515 682 1576 vertit,
699 1515 736 1561 hio
752 1520 793 1562 est.
824 1516 932 1574 Loquitur

74 1598 204 1644 Hermesius
229 1598 257 1642 de
279 1597 387 1653 utilitate,
410 1608 468 1655 quac
491 1609 519 1640 ex
544 1596 644 1654 perlecto
666 1601 787 1654 systemate
811 1596 929 1641 redundet.

74 1679 129 1736 ,Vel
143 1679 268 1734 notissima,
285 1677 364 1735 inquit,
380 1675 518 1735 'theologiae
536 1675 640 1735 dogmata
657 1677 723 1721 etiam
739 1677 803 1735 quasi
817 1677 868 1721 pelo
887 1677 931 1721 oh-

74 1758 198 1815 ducuntur,
222 1769 333 1816 verusque
357 1768 434 1800 eorum
449 1767 529 1800 sensus
546 1755 569 1799 in
585 1754 722 1801 obscuritate
737 1758 822 1816 positus
838 1758 930 1803 rariac-

76 1852 119 1897 que
136 1837 315 1895 interpretationi
332 1836 447 1881 ohnoxius·
461 1840 503 1893 est,
520 1835 564 1880 uisi
579 1836 752 1896 unurnquodque
769 1850 847 1883 eorum
862 1838 930 1883 intel-

74 1918 156 1978 ligatur
173 1923 278 1977 tanquam
293 1930 346 1975 pars
363 1916 479 1976 integralis
501 1917 595 1974 perl'eoti
612 1919 752 1976 systematis,
777 1924 799 1963 et
817 1919 861 1963 nisi
884 1919 930 1964 hoc

75 2005 173 2058 systema
190 1998 296 2044 methodo
314 1997 442 2063 inquirendi
461 2023 488 2029 -
504 1996 527 2042 id
545 2002 579 2042 est
595 2011 622 2041 ea
640 1997 762 2055 methodo,
780 2011 836 2056 quae
855 2012 929 2058 oppo-

73 2083 134 2126 nitur
153 2080 241 2140 vulgari
264 2079 371 2124 methodo
394 2078 534 2137 syntheticae
550 2105 581 2114 -
597 2083 733 2123 exstructum
749 2081 833 2139 perque
849 2093 929 2126 omues

75 2162 136 2206 dubii
159 2173 266 2206 recessus
290 2159 422 2218 perductum
450 2159 536 2204 suerit:
578 2160 692 2204 Postrema
715 2159 785 2215 uerha
808 2159 929 2206 Perronius

75 2241 154 2285 litteris
174 2246 218 2284 trun
236 2240 330 2284 cursivis
345 2245 390 2284 tum
407 2239 536 2284 maiusculis
555 2236 702 2297 imprimenda
724 2240 821 2284 curauit:
840 2258 866 2298 „e
882 2259 928 2289 non

76 2325 96 2369 si
113 2325 202 2369 facesse
219 2337 314 2380 passere
336 2336 377 2380 per
398 2324 451 2367 tutti
473 2323 506 2381 gli
524 2319 661 2367 audirivicni
678 2322 715 2365 dcl
731 2321 861 2370 uossssrof‘
898 2323 929 2366 At

76 2403 191 2446 enimvero
210 2400 262 2458 quid
281 2401 377 2457 apertius
396 2404 444 2455 est,
462 2412 526 2458 quam
544 2398 682 2443 Hermesium
700 2399 737 2443 hie
752 2399 812 2458 loqui
830 2399 858 2444 de
873 2415 928 2459 per-

76 2480 137 2525 fecta
160 2479 255 2524 seientia
280 2478 430 2537 theologica?
454 2477 553 2537 lgiturue
574 2478 624 2522 talis
640 2478 733 2525 scientia
750 2480 864 2539 parabitur
879 2483 927 2526 siue

74 2560 177 2621 perlecto
195 2559 337 2619 systemate?
363 2558 473 2617 poteritne
494 2558 618 2617 perlectum
640 2565 737 2618 systema
760 2564 858 2620 exstrui,
883 2564 927 2609 uisi

76 2653 155 2685 omnes
173 2638 328 2694 difficultates,
352 2650 430 2683 omnes
454 2637 568 2682 dubitandi
592 2652 687 2698 causae,
710 2656 766 2702 quae
787 2645 810 2688 in
834 2644 927 2703 singulis

74 2722 198 2781 quibusque
222 2720 321 2779 partibus
343 2722 475 2774 occurrant,
498 2717 617 2777 diligenter
637 2723 799 2778 perlustrentur
822 2729 844 2769 et
866 2738 926 2783 pou.

76 2803 188 2858 derentur,
204 2800 227 2845 id
244 2804 291 2857 est,
308 2798 493 2857 quemadmodum
511 2801 663 2858 metaphorice
677 2806 707 2849 ait
721 2805 867 2863 Hermesius,
882 2806 926 2851 uisi

76 2888 172 2941 systema
185 2895 227 2941 per
243 2892 321 2925 omnes
338 2880 399 2925 duhii
414 2881 686 2938 recessusperducatur?
709 2885 868 2943 Respondeant
883 2888 926 2932 riri

76 2964 195 3020 sapientes.
235 2962 341 3009 Eiusdem
366 2960 564 3019 ornuinogencris
588 2969 638 3009 suut
662 2966 699 3010 alii
719 2966 765 3010 loci
789 2967 926 3012 aPerronio

76 3047 242 3089 eorumemorati
254 3050 275 3089 et
293 3059 306 3089 e
324 3047 431 3089 contextu
450 3042 557 3086 orationis
574 3044 654 3104 avulsi,
671 3046 739 3091 veluti
756 3047 783 3103 is,
801 3032 866 3106 quem
882 3062 926 3108 po-

76 3129 159 3170 stremo
182 3124 244 3169 allert
265 3132 286 3170 et
308 3126 331 3169 iu
355 3137 398 3183 quo
419 3121 535 3181 plurimum
558 3127 663 3170 incruenti
677 3129 754 3171 inesse
769 3127 858 3172 videtur
874 3129 926 3187 opi-

74 3207 132 3253 nari.
165 3205 205 3252 Est
227 3212 299 3251 autem
323 3207 383 3253 idem
405 3205 484 3262 locus,
506 3206 568 3251 euius
582 3212 667 3265 partem
683 3220 725 3253 nos
742 3208 784 3267 ipsi
800 3209 843 3255 iam
859 3223 925 3270 supra
