<?xml version="1.0" encoding="UTF-8"?>
<!DOCTYPE html PUBLIC "-//W3C//DTD XHTML 1.0 Transitional//EN"
    "http://www.w3.org/TR/xhtml1/DTD/xhtml1-transitional.dtd">
<html xmlns="http://www.w3.org/1999/xhtml" xml:lang="en" lang="en">
 <head>
  <title>
</title>
<meta http-equiv="Content-Type" content="text/html;charset=utf-8" />
  <meta name='ocr-system' content='tesseract 3.04.00' />
  <meta name='ocr-capabilities' content='ocr_page ocr_carea ocr_par ocr_line ocrx_word'/>
</head>
<body>
  <div class='ocr_page' id='page_1' title='image "MN5163ucmf_1_0299.png"; bbox 0 0 1979 3399; ppageno 0'>
   <div class='ocr_carea' id='block_1_1' title="bbox 356 57 573 107">
    <p class='ocr_par' dir='ltr' id='par_1_1' title="bbox 356 57 573 107">
     <span class='ocr_line' id='line_1_1' title="bbox 356 57 573 107; baseline 0 -5"><span class='ocrx_word' id='word_1_1' title='bbox 356 80 403 102; x_wconf 65' lang='lat'>,-</span> <span class='ocrx_word' id='word_1_2' title='bbox 444 57 494 107; x_wconf 53' lang='lat'>96¹1</span> <span class='ocrx_word' id='word_1_3' title='bbox 536 84 573 94; x_wconf 84' lang='lat'>-</span> 
     </span>
    </p>
   </div>
   <div class='ocr_carea' id='block_1_2' title="bbox 32 190 897 2379">
    <p class='ocr_par' dir='ltr' id='par_1_2' title="bbox 32 190 897 2379">
     <span class='ocr_line' id='line_1_2' title="bbox 37 190 895 252; baseline 0.003 -16"><span class='ocrx_word' id='word_1_4' title='bbox 37 190 132 236; x_wconf 81' lang='lat' dir='ltr'>minibus</span> <span class='ocrx_word' id='word_1_5' title='bbox 148 190 235 248; x_wconf 87' lang='lat' dir='ltr'>cadem,</span> <span class='ocrx_word' id='word_1_6' title='bbox 252 191 279 236; x_wconf 92' lang='lat' dir='ltr'>de</span> <span class='ocrx_word' id='word_1_7' title='bbox 297 193 376 251; x_wconf 85' lang='lat' dir='ltr'>quibus</span> <span class='ocrx_word' id='word_1_8' title='bbox 393 193 436 238; x_wconf 79' lang='lat' dir='ltr'>siti</span> <span class='ocrx_word' id='word_1_9' title='bbox 451 206 582 251; x_wconf 81' lang='lat' dir='ltr'>persuasum</span> <span class='ocrx_word' id='word_1_10' title='bbox 599 197 641 250; x_wconf 85' lang='lat' dir='ltr'>est,</span> <span class='ocrx_word' id='word_1_11' title='bbox 658 191 796 251; x_wconf 79' lang='lat' dir='ltr'>persuadere</span> <span class='ocrx_word' id='word_1_12' title='bbox 814 199 835 238; x_wconf 89' lang='lat' dir='ltr'>et</span> <span class='ocrx_word' id='word_1_13' title='bbox 852 208 895 252; x_wconf 91' lang='lat' dir='ltr'>pe-</span> 
     </span>
     <span class='ocr_line' id='line_1_3' title="bbox 37 271 896 332; baseline 0.002 -17"><span class='ocrx_word' id='word_1_14' title='bbox 37 272 95 315; x_wconf 87' lang='lat' dir='ltr'>ctori</span> <span class='ocrx_word' id='word_1_15' title='bbox 116 284 194 324; x_wconf 89' lang='lat' dir='ltr'>corum</span> <span class='ocrx_word' id='word_1_16' title='bbox 216 273 322 331; x_wconf 77' lang='lat' dir='ltr'>ingerere</span> <span class='ocrx_word' id='word_1_17' title='bbox 345 274 418 332; x_wconf 87' lang='lat' dir='ltr'>cupiat</span> <span class='ocrx_word' id='word_1_18' title='bbox 433 273 463 328; x_wconf 71' lang='lat' dir='ltr'>n!</span> <span class='ocrx_word' id='word_1_19' title='bbox 497 274 556 318; x_wconf 79' lang='lat' dir='ltr'>Sane</span> <span class='ocrx_word' id='word_1_20' title='bbox 579 286 624 318; x_wconf 96' lang='lat' dir='ltr'>non</span> <span class='ocrx_word' id='word_1_21' title='bbox 646 285 737 331; x_wconf 82' lang='lat' dir='ltr'>semper</span> <span class='ocrx_word' id='word_1_22' title='bbox 761 271 896 317; x_wconf 79' lang='lat' dir='ltr'>inflammato</span> 
     </span>
     <span class='ocr_line' id='line_1_4' title="bbox 38 351 897 411; baseline -0.001 -16"><span class='ocrx_word' id='word_1_23' title='bbox 38 351 110 395; x_wconf 84' lang='lat' dir='ltr'>ornlio</span> <span class='ocrx_word' id='word_1_24' title='bbox 129 356 230 396; x_wconf 84' lang='lat' dir='ltr'>sanctum</span> <span class='ocrx_word' id='word_1_25' title='bbox 248 351 343 396; x_wconf 88' lang='lat' dir='ltr'>studium</span> <span class='ocrx_word' id='word_1_26' title='bbox 360 353 473 408; x_wconf 89' lang='lat' dir='ltr'>ostendit,</span> <span class='ocrx_word' id='word_1_27' title='bbox 497 352 538 397; x_wconf 88' lang='lat' dir='ltr'>sed</span> <span class='ocrx_word' id='word_1_28' title='bbox 562 353 631 398; x_wconf 88' lang='lat' dir='ltr'>multo</span> <span class='ocrx_word' id='word_1_29' title='bbox 652 353 725 411; x_wconf 80' lang='lat' dir='ltr'>magis</span> <span class='ocrx_word' id='word_1_30' title='bbox 749 351 897 409; x_wconf 78' lang='lat' dir='ltr'>tranquillitas</span> 
     </span>
     <span class='ocr_line' id='line_1_5' title="bbox 37 430 897 491; baseline 0.002 -17"><span class='ocrx_word' id='word_1_31' title='bbox 37 435 60 475; x_wconf 84' lang='lat' dir='ltr'>et</span> <span class='ocrx_word' id='word_1_32' title='bbox 77 443 158 475; x_wconf 81' lang='lat' dir='ltr'>severa</span> <span class='ocrx_word' id='word_1_33' title='bbox 171 430 331 476; x_wconf 78' lang='lat' dir='ltr'>consideratio.</span> <span class='ocrx_word' id='word_1_34' title='bbox 364 433 411 477; x_wconf 88' lang='lat' dir='ltr'>Nisi</span> <span class='ocrx_word' id='word_1_35' title='bbox 428 433 581 491; x_wconf 75' lang='lat' dir='ltr'>perspexisset</span> <span class='ocrx_word' id='word_1_36' title='bbox 596 433 742 488; x_wconf 89' lang='lat' dir='ltr'>llermesius,</span> <span class='ocrx_word' id='word_1_37' title='bbox 762 432 897 490; x_wconf 81' lang='lat' dir='ltr'>persuasio-</span> 
     </span>
     <span class='ocr_line' id='line_1_6' title="bbox 38 509 897 568; baseline 0.001 -15"><span class='ocrx_word' id='word_1_38' title='bbox 38 522 90 553; x_wconf 92' lang='lat' dir='ltr'>nem</span> <span class='ocrx_word' id='word_1_39' title='bbox 107 509 178 568; x_wconf 89' lang='lat' dir='ltr'>probe</span> <span class='ocrx_word' id='word_1_40' title='bbox 203 509 311 554; x_wconf 80' lang='lat' dir='ltr'>firmatam</span> <span class='ocrx_word' id='word_1_41' title='bbox 335 516 357 556; x_wconf 92' lang='lat' dir='ltr'>et</span> <span class='ocrx_word' id='word_1_42' title='bbox 380 512 403 556; x_wconf 91' lang='lat' dir='ltr'>in</span> <span class='ocrx_word' id='word_1_43' title='bbox 418 512 554 557; x_wconf 83' lang='lat' dir='ltr'>necessitate</span> <span class='ocrx_word' id='word_1_44' title='bbox 579 512 692 557; x_wconf 81' lang='lat' dir='ltr'>fundatum</span> <span class='ocrx_word' id='word_1_45' title='bbox 716 513 782 556; x_wconf 82' lang='lat' dir='ltr'>unice</span> <span class='ocrx_word' id='word_1_46' title='bbox 804 511 897 556; x_wconf 86' lang='lat' dir='ltr'>lrnmine</span> 
     </span>
     <span class='ocr_line' id='line_1_7' title="bbox 37 586 895 648; baseline 0.002 -17"><span class='ocrx_word' id='word_1_47' title='bbox 37 586 127 645; x_wconf 79' lang='lat' dir='ltr'>dignam</span> <span class='ocrx_word' id='word_1_48' title='bbox 144 600 211 643; x_wconf 86' lang='lat' dir='ltr'>esse,</span> <span class='ocrx_word' id='word_1_49' title='bbox 232 589 251 631; x_wconf 92' lang='lat' dir='ltr'>si</span> <span class='ocrx_word' id='word_1_50' title='bbox 275 588 304 632; x_wconf 85' lang='lat' dir='ltr'>oli</span> <span class='ocrx_word' id='word_1_51' title='bbox 327 589 386 633; x_wconf 82' lang='lat' dir='ltr'>lianc</span> <span class='ocrx_word' id='word_1_52' title='bbox 403 602 495 634; x_wconf 80' lang='lat' dir='ltr'>causum</span> <span class='ocrx_word' id='word_1_53' title='bbox 511 602 566 633; x_wconf 82' lang='lat' dir='ltr'>sane</span> <span class='ocrx_word' id='word_1_54' title='bbox 583 592 713 648; x_wconf 76' lang='lat' dir='ltr'>grumorum</span> <span class='ocrx_word' id='word_1_55' title='bbox 728 592 795 634; x_wconf 82' lang='lat' dir='ltr'>animi</span> <span class='ocrx_word' id='word_1_56' title='bbox 812 601 895 634; x_wconf 91' lang='lat' dir='ltr'>sensus</span> 
     </span>
     <span class='ocr_line' id='line_1_8' title="bbox 35 666 894 726; baseline 0.006 -18"><span class='ocrx_word' id='word_1_57' title='bbox 35 670 57 709; x_wconf 92' lang='lat' dir='ltr'>et</span> <span class='ocrx_word' id='word_1_58' title='bbox 73 666 186 711; x_wconf 88' lang='lat' dir='ltr'>motiones</span> <span class='ocrx_word' id='word_1_59' title='bbox 210 678 257 709; x_wconf 94' lang='lat' dir='ltr'>non</span> <span class='ocrx_word' id='word_1_60' title='bbox 277 667 416 713; x_wconf 78' lang='lat' dir='ltr'>cohibuisset</span> <span class='ocrx_word' id='word_1_61' title='bbox 435 673 458 712; x_wconf 89' lang='lat' dir='ltr'>et</span> <span class='ocrx_word' id='word_1_62' title='bbox 482 669 582 712; x_wconf 88' lang='lat' dir='ltr'>terminis</span> <span class='ocrx_word' id='word_1_63' title='bbox 599 670 712 726; x_wconf 81' lang='lat' dir='ltr'>modoque</span> <span class='ocrx_word' id='word_1_64' title='bbox 729 669 894 713; x_wconf 89' lang='lat' dir='ltr'>circumdedis-</span> 
     </span>
     <span class='ocr_line' id='line_1_9' title="bbox 35 743 894 806; baseline 0.005 -18"><span class='ocrx_word' id='word_1_65' title='bbox 35 749 77 800; x_wconf 84' lang='lat' dir='ltr'>set,</span> <span class='ocrx_word' id='word_1_66' title='bbox 94 749 139 789; x_wconf 90' lang='lat' dir='ltr'>tum</span> <span class='ocrx_word' id='word_1_67' title='bbox 158 743 273 801; x_wconf 82' lang='lat' dir='ltr'>eiuslilni</span> <span class='ocrx_word' id='word_1_68' title='bbox 291 758 337 789; x_wconf 95' lang='lat' dir='ltr'>non</span> <span class='ocrx_word' id='word_1_69' title='bbox 354 750 398 791; x_wconf 83' lang='lat' dir='ltr'>tom</span> <span class='ocrx_word' id='word_1_70' title='bbox 415 746 533 805; x_wconf 83' lang='lat' dir='ltr'>tranquille</span> <span class='ocrx_word' id='word_1_71' title='bbox 556 752 577 791; x_wconf 91' lang='lat' dir='ltr'>el</span> <span class='ocrx_word' id='word_1_72' title='bbox 595 747 710 792; x_wconf 85' lang='lat' dir='ltr'>moderate</span> <span class='ocrx_word' id='word_1_73' title='bbox 726 753 749 792; x_wconf 89' lang='lat' dir='ltr'>et</span> <span class='ocrx_word' id='word_1_74' title='bbox 764 749 894 806; x_wconf 85' lang='lat' dir='ltr'>simpliciter</span> 
     </span>
     <span class='ocr_line' id='line_1_10' title="bbox 35 824 895 884; baseline 0.005 -17"><span class='ocrx_word' id='word_1_75' title='bbox 35 824 153 880; x_wconf 76' lang='lat' dir='ltr'>compositi</span> <span class='ocrx_word' id='word_1_76' title='bbox 170 828 253 880; x_wconf 87' lang='lat' dir='ltr'>essent,</span> <span class='ocrx_word' id='word_1_77' title='bbox 267 828 291 868; x_wconf 89' lang='lat' dir='ltr'>ut</span> <span class='ocrx_word' id='word_1_78' title='bbox 304 838 364 870; x_wconf 91' lang='lat' dir='ltr'>nune</span> <span class='ocrx_word' id='word_1_79' title='bbox 384 831 449 871; x_wconf 92' lang='lat' dir='ltr'>sunt:</span> <span class='ocrx_word' id='word_1_80' title='bbox 467 825 631 884; x_wconf 79' lang='lat' dir='ltr'>pulcherrimae</span> <span class='ocrx_word' id='word_1_81' title='bbox 639 827 808 884; x_wconf 20' lang='lat' dir='ltr'>,descriptiones</span> <span class='ocrx_word' id='word_1_82' title='bbox 825 828 848 871; x_wconf 94' lang='lat' dir='ltr'>in</span> <span class='ocrx_word' id='word_1_83' title='bbox 864 828 895 871; x_wconf 90' lang='lat' dir='ltr'>iis</span> 
     </span>
     <span class='ocr_line' id='line_1_11' title="bbox 34 887 894 963; baseline 0.006 -18"><span class='ocrx_word' id='word_1_84' title='bbox 34 902 152 961; x_wconf 80' lang='lat' dir='ltr'>aliquoties</span> <span class='ocrx_word' id='word_1_85' title='bbox 170 903 269 960; x_wconf 78' lang='lat' dir='ltr'>olivine,</span> <span class='ocrx_word' id='word_1_86' title='bbox 289 905 364 949; x_wconf 81' lang='lat' dir='ltr'>vivido</span> <span class='ocrx_word' id='word_1_87' title='bbox 382 906 448 949; x_wconf 77' lang='lat' dir='ltr'>ammi</span> <span class='ocrx_word' id='word_1_88' title='bbox 464 918 549 962; x_wconf 82' lang='lat' dir='ltr'>sensu,</span> <span class='ocrx_word' id='word_1_89' title='bbox 576 906 649 951; x_wconf 90' lang='lat' dir='ltr'>teneri</span> <span class='ocrx_word' id='word_1_90' title='bbox 666 911 688 951; x_wconf 90' lang='lat' dir='ltr'>et</span> <span class='ocrx_word' id='word_1_91' title='bbox 704 887 772 951; x_wconf 80' lang='lat' dir='ltr'>validi</span> <span class='ocrx_word' id='word_1_92' title='bbox 791 906 894 963; x_wconf 81' lang='lat' dir='ltr'>allectus,</span> 
     </span>
     <span class='ocr_line' id='line_1_12' title="bbox 34 982 894 1045; baseline 0.002 -18"><span class='ocrx_word' id='word_1_93' title='bbox 34 995 105 1040; x_wconf 70' lang='lat' dir='ltr'>(pirae,</span> <span class='ocrx_word' id='word_1_94' title='bbox 122 983 161 1028; x_wconf 91' lang='lat' dir='ltr'>ubi</span> <span class='ocrx_word' id='word_1_95' title='bbox 184 983 229 1027; x_wconf 93' lang='lat' dir='ltr'>hoe</span> <span class='ocrx_word' id='word_1_96' title='bbox 252 982 317 1039; x_wconf 85' lang='lat' dir='ltr'>lieet,</span> <span class='ocrx_word' id='word_1_97' title='bbox 339 984 361 1028; x_wconf 91' lang='lat' dir='ltr'>in</span> <span class='ocrx_word' id='word_1_98' title='bbox 379 985 406 1029; x_wconf 94' lang='lat' dir='ltr'>iis</span> <span class='ocrx_word' id='word_1_99' title='bbox 424 986 582 1043; x_wconf 83' lang='lat' dir='ltr'>inveniuntur,</span> <span class='ocrx_word' id='word_1_100' title='bbox 606 986 701 1045; x_wconf 88' lang='lat' dir='ltr'>insignis</span> <span class='ocrx_word' id='word_1_101' title='bbox 724 999 798 1030; x_wconf 88' lang='lat' dir='ltr'>rerum</span> <span class='ocrx_word' id='word_1_102' title='bbox 820 986 894 1029; x_wconf 88' lang='lat' dir='ltr'>intro-</span> 
     </span>
     <span class='ocr_line' id='line_1_13' title="bbox 34 1061 893 1123; baseline 0.001 -18"><span class='ocrx_word' id='word_1_103' title='bbox 34 1061 200 1118; x_wconf 80' lang='lat' dir='ltr'>spiciendarum</span> <span class='ocrx_word' id='word_1_104' title='bbox 216 1062 324 1119; x_wconf 72' lang='lat' dir='ltr'>lucullus,</span> <span class='ocrx_word' id='word_1_105' title='bbox 351 1069 458 1108; x_wconf 81' lang='lat' dir='ltr'>accurata</span> <span class='ocrx_word' id='word_1_106' title='bbox 475 1065 590 1123; x_wconf 82' lang='lat' dir='ltr'>cognitio,</span> <span class='ocrx_word' id='word_1_107' title='bbox 615 1078 658 1123; x_wconf 83' lang='lat' dir='ltr'>qua</span> <span class='ocrx_word' id='word_1_108' title='bbox 677 1065 790 1108; x_wconf 85' lang='lat' dir='ltr'>hominum</span> <span class='ocrx_word' id='word_1_109' title='bbox 806 1068 893 1107; x_wconf 91' lang='lat' dir='ltr'>mentes</span> 
     </span>
     <span class='ocr_line' id='line_1_14' title="bbox 33 1140 895 1201; baseline 0 -17"><span class='ocrx_word' id='word_1_110' title='bbox 33 1145 56 1184; x_wconf 85' lang='lat' dir='ltr'>et</span> <span class='ocrx_word' id='word_1_111' title='bbox 72 1140 172 1200; x_wconf 78' lang='lat' dir='ltr'>linguam</span> <span class='ocrx_word' id='word_1_112' title='bbox 189 1141 318 1199; x_wconf 80' lang='lat' dir='ltr'>complexus</span> <span class='ocrx_word' id='word_1_113' title='bbox 337 1147 378 1198; x_wconf 87' lang='lat' dir='ltr'>est,</span> <span class='ocrx_word' id='word_1_114' title='bbox 397 1144 451 1187; x_wconf 83' lang='lat' dir='ltr'>snt-is</span> <span class='ocrx_word' id='word_1_115' title='bbox 469 1143 589 1201; x_wconf 90' lang='lat' dir='ltr'>spondent,</span> <span class='ocrx_word' id='word_1_116' title='bbox 605 1157 664 1200; x_wconf 87' lang='lat' dir='ltr'>eum,</span> <span class='ocrx_word' id='word_1_117' title='bbox 682 1143 701 1187; x_wconf 90' lang='lat' dir='ltr'>si</span> <span class='ocrx_word' id='word_1_118' title='bbox 715 1143 832 1197; x_wconf 83' lang='lat' dir='ltr'>voluisset,</span> <span class='ocrx_word' id='word_1_119' title='bbox 851 1153 895 1185; x_wconf 91' lang='lat' dir='ltr'>eo-</span> 
     </span>
     <span class='ocr_line' id='line_1_15' title="bbox 33 1221 895 1280; baseline 0 -16"><span class='ocrx_word' id='word_1_120' title='bbox 33 1221 83 1265; x_wconf 92' lang='lat' dir='ltr'>dem</span> <span class='ocrx_word' id='word_1_121' title='bbox 102 1222 235 1280; x_wconf 84' lang='lat' dir='ltr'>splendore,</span> <span class='ocrx_word' id='word_1_122' title='bbox 252 1221 332 1266; x_wconf 84' lang='lat' dir='ltr'>eadem</span> <span class='ocrx_word' id='word_1_123' title='bbox 348 1222 498 1267; x_wconf 79' lang='lat' dir='ltr'>inflammatae</span> <span class='ocrx_word' id='word_1_124' title='bbox 516 1224 625 1268; x_wconf 78' lang='lat' dir='ltr'>orationis</span> <span class='ocrx_word' id='word_1_125' title='bbox 644 1224 674 1280; x_wconf 88' lang='lat' dir='ltr'>vi,</span> <span class='ocrx_word' id='word_1_126' title='bbox 690 1222 771 1266; x_wconf 87' lang='lat' dir='ltr'>eodem</span> <span class='ocrx_word' id='word_1_127' title='bbox 789 1221 895 1265; x_wconf 89' lang='lat' dir='ltr'>instinctu</span> 
     </span>
     <span class='ocr_line' id='line_1_16' title="bbox 33 1300 893 1360; baseline -0.001 -17"><span class='ocrx_word' id='word_1_128' title='bbox 33 1300 126 1357; x_wconf 88' lang='lat' dir='ltr'>prodire</span> <span class='ocrx_word' id='word_1_129' title='bbox 142 1301 251 1359; x_wconf 90' lang='lat' dir='ltr'>potuisse,</span> <span class='ocrx_word' id='word_1_130' title='bbox 269 1313 313 1358; x_wconf 95' lang='lat' dir='ltr'>quo</span> <span class='ocrx_word' id='word_1_131' title='bbox 330 1301 436 1358; x_wconf 81' lang='lat' dir='ltr'>aequales</span> <span class='ocrx_word' id='word_1_132' title='bbox 453 1302 568 1358; x_wconf 90' lang='lat' dir='ltr'>nonnulli,</span> <span class='ocrx_word' id='word_1_133' title='bbox 586 1303 623 1360; x_wconf 93' lang='lat' dir='ltr'>qui</span> <span class='ocrx_word' id='word_1_134' title='bbox 638 1301 697 1346; x_wconf 84' lang='lat' dir='ltr'>lianc</span> <span class='ocrx_word' id='word_1_135' title='bbox 715 1300 744 1344; x_wconf 89' lang='lat' dir='ltr'>ob</span> <span class='ocrx_word' id='word_1_136' title='bbox 762 1313 853 1345; x_wconf 80' lang='lat' dir='ltr'>causam</span> <span class='ocrx_word' id='word_1_137' title='bbox 870 1300 893 1343; x_wconf 92' lang='lat' dir='ltr'>in</span> 
     </span>
     <span class='ocr_line' id='line_1_17' title="bbox 33 1377 894 1436; baseline 0 -15"><span class='ocrx_word' id='word_1_138' title='bbox 33 1378 121 1422; x_wconf 87' lang='lat' dir='ltr'>coelum</span> <span class='ocrx_word' id='word_1_139' title='bbox 138 1378 189 1422; x_wconf 80' lang='lat' dir='ltr'>elati</span> <span class='ocrx_word' id='word_1_140' title='bbox 206 1383 265 1436; x_wconf 89' lang='lat' dir='ltr'>sunt,</span> <span class='ocrx_word' id='word_1_141' title='bbox 282 1392 332 1423; x_wconf 93' lang='lat' dir='ltr'>cum</span> <span class='ocrx_word' id='word_1_142' title='bbox 349 1379 398 1436; x_wconf 93' lang='lat' dir='ltr'>ipse</span> <span class='ocrx_word' id='word_1_143' title='bbox 412 1379 512 1424; x_wconf 79' lang='lat' dir='ltr'>veritatis</span> <span class='ocrx_word' id='word_1_144' title='bbox 529 1392 606 1424; x_wconf 83' lang='lat' dir='ltr'>umore</span> <span class='ocrx_word' id='word_1_145' title='bbox 624 1378 647 1423; x_wconf 90' lang='lat' dir='ltr'>id</span> <span class='ocrx_word' id='word_1_146' title='bbox 664 1383 796 1436; x_wconf 81' lang='lat' dir='ltr'>aspernatus</span> <span class='ocrx_word' id='word_1_147' title='bbox 814 1377 843 1422; x_wconf 81' lang='lat' dir='ltr'>ad</span> <span class='ocrx_word' id='word_1_148' title='bbox 856 1378 894 1422; x_wconf 93' lang='lat' dir='ltr'>in-</span> 
     </span>
     <span class='ocr_line' id='line_1_18' title="bbox 35 1456 893 1510; baseline 0 -10"><span class='ocrx_word' id='word_1_149' title='bbox 35 1457 97 1501; x_wconf 86' lang='lat' dir='ltr'>l&#39;eros</span> <span class='ocrx_word' id='word_1_150' title='bbox 115 1457 218 1502; x_wconf 88' lang='lat' dir='ltr'>detrusus</span> <span class='ocrx_word' id='word_1_151' title='bbox 235 1458 284 1501; x_wconf 87' lang='lat' dir='ltr'>est!</span> <span class='ocrx_word' id='word_1_152' title='bbox 301 1484 332 1491; x_wconf 90' lang='lat'>—</span> <span class='ocrx_word' id='word_1_153' title='bbox 343 1485 373 1491; x_wconf 87' lang='lat'><em>-</em></span> <span class='ocrx_word' id='word_1_154' title='bbox 392 1458 457 1510; x_wconf 84' lang='lat' dir='ltr'>Quod</span> <span class='ocrx_word' id='word_1_155' title='bbox 472 1458 492 1502; x_wconf 89' lang='lat' dir='ltr'>si</span> <span class='ocrx_word' id='word_1_156' title='bbox 508 1458 579 1502; x_wconf 84' lang='lat' dir='ltr'>liliros</span> <span class='ocrx_word' id='word_1_157' title='bbox 596 1459 645 1502; x_wconf 89' lang='lat' dir='ltr'>eius</span> <span class='ocrx_word' id='word_1_158' title='bbox 663 1458 740 1502; x_wconf 82' lang='lat' dir='ltr'>omitto</span> <span class='ocrx_word' id='word_1_159' title='bbox 757 1462 779 1501; x_wconf 92' lang='lat' dir='ltr'>et</span> <span class='ocrx_word' id='word_1_160' title='bbox 796 1456 893 1501; x_wconf 89' lang='lat' dir='ltr'>eundem</span> 
     </span>
     <span class='ocr_line' id='line_1_19' title="bbox 33 1535 891 1594; baseline 0 -15"><span class='ocrx_word' id='word_1_161' title='bbox 33 1536 168 1592; x_wconf 88' lang='lat' dir='ltr'>considero,</span> <span class='ocrx_word' id='word_1_162' title='bbox 190 1535 261 1594; x_wconf 69' lang='lat' dir='ltr'>qumis</span> <span class='ocrx_word' id='word_1_163' title='bbox 278 1536 300 1579; x_wconf 94' lang='lat' dir='ltr'>in</span> <span class='ocrx_word' id='word_1_164' title='bbox 319 1537 364 1581; x_wconf 81' lang='lat' dir='ltr'>vita</span> <span class='ocrx_word' id='word_1_165' title='bbox 381 1537 437 1592; x_wconf 85' lang='lat' dir='ltr'>fuit,</span> <span class='ocrx_word' id='word_1_166' title='bbox 463 1538 487 1580; x_wconf 91' lang='lat' dir='ltr'>in</span> <span class='ocrx_word' id='word_1_167' title='bbox 503 1536 666 1580; x_wconf 87' lang='lat' dir='ltr'>consuetudine</span> <span class='ocrx_word' id='word_1_168' title='bbox 684 1550 734 1580; x_wconf 88' lang='lat' dir='ltr'>curn</span> <span class='ocrx_word' id='word_1_169' title='bbox 750 1536 818 1592; x_wconf 80' lang='lat' dir='ltr'>aliis,</span> <span class='ocrx_word' id='word_1_170' title='bbox 842 1537 891 1592; x_wconf 89' lang='lat' dir='ltr'>quis</span> 
     </span>
     <span class='ocr_line' id='line_1_20' title="bbox 33 1613 891 1671; baseline -0.001 -14"><span class='ocrx_word' id='word_1_171' title='bbox 33 1614 158 1659; x_wconf 89' lang='lat' dir='ltr'>crediturus</span> <span class='ocrx_word' id='word_1_172' title='bbox 176 1619 254 1670; x_wconf 88' lang='lat' dir='ltr'>esset,</span> <span class='ocrx_word' id='word_1_173' title='bbox 276 1613 325 1658; x_wconf 87' lang='lat' dir='ltr'>fore</span> <span class='ocrx_word' id='word_1_174' title='bbox 341 1627 438 1671; x_wconf 80' lang='lat' dir='ltr'>unquam</span> <span class='ocrx_word' id='word_1_175' title='bbox 461 1618 486 1658; x_wconf 90' lang='lat' dir='ltr'>ut</span> <span class='ocrx_word' id='word_1_176' title='bbox 508 1614 530 1657; x_wconf 90' lang='lat' dir='ltr'>ei</span> <span class='ocrx_word' id='word_1_177' title='bbox 547 1613 642 1657; x_wconf 90' lang='lat' dir='ltr'>studium</span> <span class='ocrx_word' id='word_1_178' title='bbox 665 1617 687 1657; x_wconf 87' lang='lat' dir='ltr'>et</span> <span class='ocrx_word' id='word_1_179' title='bbox 711 1626 775 1658; x_wconf 81' lang='lat' dir='ltr'>umor</span> <span class='ocrx_word' id='word_1_180' title='bbox 790 1614 891 1657; x_wconf 82' lang='lat' dir='ltr'>veritatis</span> 
     </span>
     <span class='ocr_line' id='line_1_21' title="bbox 33 1692 889 1751; baseline 0 -15"><span class='ocrx_word' id='word_1_181' title='bbox 33 1693 199 1751; x_wconf 81' lang='lat' dir='ltr'>alniegaretur,</span> <span class='ocrx_word' id='word_1_182' title='bbox 222 1696 245 1736; x_wconf 89' lang='lat' dir='ltr'>ut</span> <span class='ocrx_word' id='word_1_183' title='bbox 263 1705 300 1736; x_wconf 90' lang='lat' dir='ltr'>res</span> <span class='ocrx_word' id='word_1_184' title='bbox 318 1697 408 1736; x_wconf 82' lang='lat' dir='ltr'>sanctas</span> <span class='ocrx_word' id='word_1_185' title='bbox 426 1692 479 1735; x_wconf 91' lang='lat' dir='ltr'>nihil</span> <span class='ocrx_word' id='word_1_186' title='bbox 496 1693 559 1749; x_wconf 90' lang='lat' dir='ltr'>pensi</span> <span class='ocrx_word' id='word_1_187' title='bbox 576 1692 603 1736; x_wconf 82' lang='lat' dir='ltr'>ab</span> <span class='ocrx_word' id='word_1_188' title='bbox 622 1705 650 1736; x_wconf 92' lang='lat' dir='ltr'>eo</span> <span class='ocrx_word' id='word_1_189' title='bbox 668 1693 762 1749; x_wconf 83' lang='lat' dir='ltr'>haberi,</span> <span class='ocrx_word' id='word_1_190' title='bbox 782 1698 807 1737; x_wconf 92' lang='lat' dir='ltr'>ut</span> <span class='ocrx_word' id='word_1_191' title='bbox 824 1694 889 1750; x_wconf 90' lang='lat' dir='ltr'>cupi-</span> 
     </span>
     <span class='ocr_line' id='line_1_22' title="bbox 33 1770 891 1828; baseline -0.002 -12"><span class='ocrx_word' id='word_1_192' title='bbox 33 1772 107 1816; x_wconf 86' lang='lat' dir='ltr'>dinem</span> <span class='ocrx_word' id='word_1_193' title='bbox 123 1786 197 1817; x_wconf 90' lang='lat' dir='ltr'>rerum</span> <span class='ocrx_word' id='word_1_194' title='bbox 214 1783 323 1815; x_wconf 71' lang='lat' dir='ltr'>novorum</span> <span class='ocrx_word' id='word_1_195' title='bbox 343 1775 365 1814; x_wconf 91' lang='lat' dir='ltr'>et</span> <span class='ocrx_word' id='word_1_196' title='bbox 387 1770 514 1828; x_wconf 89' lang='lat' dir='ltr'>splendoris</span> <span class='ocrx_word' id='word_1_197' title='bbox 530 1770 655 1828; x_wconf 82' lang='lat' dir='ltr'>sapientiae</span> <span class='ocrx_word' id='word_1_198' title='bbox 677 1770 699 1814; x_wconf 93' lang='lat' dir='ltr'>in</span> <span class='ocrx_word' id='word_1_199' title='bbox 716 1784 744 1815; x_wconf 90' lang='lat' dir='ltr'>eo</span> <span class='ocrx_word' id='word_1_200' title='bbox 761 1772 831 1816; x_wconf 88' lang='lat' dir='ltr'>luisse</span> <span class='ocrx_word' id='word_1_201' title='bbox 849 1785 891 1815; x_wconf 80' lang='lat' dir='ltr'>au-</span> 
     </span>
     <span class='ocr_line' id='line_1_23' title="bbox 35 1850 893 1908; baseline -0.001 -14"><span class='ocrx_word' id='word_1_202' title='bbox 35 1856 153 1896; x_wconf 79' lang='lat' dir='ltr'>tumarent.</span> <span class='ocrx_word' id='word_1_203' title='bbox 194 1851 236 1895; x_wconf 89' lang='lat' dir='ltr'>Per</span> <span class='ocrx_word' id='word_1_204' title='bbox 259 1863 300 1894; x_wconf 85' lang='lat' dir='ltr'>sex</span> <span class='ocrx_word' id='word_1_205' title='bbox 319 1863 391 1894; x_wconf 80' lang='lat' dir='ltr'>annos</span> <span class='ocrx_word' id='word_1_206' title='bbox 408 1851 460 1894; x_wconf 87' lang='lat' dir='ltr'>inde</span> <span class='ocrx_word' id='word_1_207' title='bbox 484 1851 512 1894; x_wconf 81' lang='lat' dir='ltr'>ab</span> <span class='ocrx_word' id='word_1_208' title='bbox 536 1850 708 1908; x_wconf 81' lang='lat' dir='ltr'>undevigesimo</span> <span class='ocrx_word' id='word_1_209' title='bbox 733 1852 811 1894; x_wconf 80' lang='lat' dir='ltr'>aetatis</span> <span class='ocrx_word' id='word_1_210' title='bbox 833 1864 893 1894; x_wconf 81' lang='lat' dir='ltr'>anno</span> 
     </span>
     <span class='ocr_line' id='line_1_24' title="bbox 33 1927 890 1984; baseline -0.001 -11"><span class='ocrx_word' id='word_1_211' title='bbox 33 1931 144 1973; x_wconf 80' lang='lat' dir='ltr'>artissima</span> <span class='ocrx_word' id='word_1_212' title='bbox 160 1934 182 1972; x_wconf 91' lang='lat' dir='ltr'>et</span> <span class='ocrx_word' id='word_1_213' title='bbox 200 1927 373 1971; x_wconf 77' lang='lat' dir='ltr'>familiarissima</span> <span class='ocrx_word' id='word_1_214' title='bbox 391 1928 439 1972; x_wconf 91' lang='lat' dir='ltr'>eius</span> <span class='ocrx_word' id='word_1_215' title='bbox 457 1927 620 1972; x_wconf 89' lang='lat' dir='ltr'>consuetudine</span> <span class='ocrx_word' id='word_1_216' title='bbox 635 1940 689 1971; x_wconf 88' lang='lat' dir='ltr'>usus</span> <span class='ocrx_word' id='word_1_217' title='bbox 708 1942 770 1984; x_wconf 86' lang='lat' dir='ltr'>sum,</span> <span class='ocrx_word' id='word_1_218' title='bbox 788 1930 829 1972; x_wconf 88' lang='lat' dir='ltr'>sub</span> <span class='ocrx_word' id='word_1_219' title='bbox 845 1942 890 1972; x_wconf 91' lang='lat' dir='ltr'>uno</span> 
     </span>
     <span class='ocr_line' id='line_1_25' title="bbox 34 2005 894 2061; baseline 0 -11"><span class='ocrx_word' id='word_1_220' title='bbox 34 2021 84 2051; x_wconf 91' lang='lat' dir='ltr'>eum</span> <span class='ocrx_word' id='word_1_221' title='bbox 101 2019 129 2051; x_wconf 89' lang='lat' dir='ltr'>eo</span> <span class='ocrx_word' id='word_1_222' title='bbox 145 2011 205 2051; x_wconf 89' lang='lat' dir='ltr'>tecto</span> <span class='ocrx_word' id='word_1_223' title='bbox 222 2005 334 2061; x_wconf 79' lang='lat' dir='ltr'>habituri,</span> <span class='ocrx_word' id='word_1_224' title='bbox 356 2005 384 2049; x_wconf 82' lang='lat' dir='ltr'>ud</span> <span class='ocrx_word' id='word_1_225' title='bbox 402 2005 496 2050; x_wconf 84' lang='lat' dir='ltr'>eandem</span> <span class='ocrx_word' id='word_1_226' title='bbox 513 2017 614 2048; x_wconf 81' lang='lat' dir='ltr'>mensam</span> <span class='ocrx_word' id='word_1_227' title='bbox 630 2006 695 2061; x_wconf 90' lang='lat' dir='ltr'>sedi,</span> <span class='ocrx_word' id='word_1_228' title='bbox 720 2019 769 2049; x_wconf 90' lang='lat' dir='ltr'>curn</span> <span class='ocrx_word' id='word_1_229' title='bbox 788 2020 816 2050; x_wconf 87' lang='lat' dir='ltr'>eo</span> <span class='ocrx_word' id='word_1_230' title='bbox 835 2007 894 2050; x_wconf 81' lang='lat' dir='ltr'>con-</span> 
     </span>
     <span class='ocr_line' id='line_1_26' title="bbox 32 2083 893 2140; baseline -0.005 -10"><span class='ocrx_word' id='word_1_231' title='bbox 32 2091 135 2130; x_wconf 84' lang='lat' dir='ltr'>versatus</span> <span class='ocrx_word' id='word_1_232' title='bbox 153 2098 201 2129; x_wconf 90' lang='lat' dir='ltr'>sum</span> <span class='ocrx_word' id='word_1_233' title='bbox 218 2084 254 2127; x_wconf 88' lang='lat' dir='ltr'>dic</span> <span class='ocrx_word' id='word_1_234' title='bbox 272 2088 392 2140; x_wconf 82' lang='lat' dir='ltr'>noctuque,</span> <span class='ocrx_word' id='word_1_235' title='bbox 410 2083 456 2126; x_wconf 84' lang='lat' dir='ltr'>ridi</span> <span class='ocrx_word' id='word_1_236' title='bbox 473 2096 523 2126; x_wconf 84' lang='lat' dir='ltr'>erun</span> <span class='ocrx_word' id='word_1_237' title='bbox 537 2083 618 2126; x_wconf 83' lang='lat' dir='ltr'>laetum</span> <span class='ocrx_word' id='word_1_238' title='bbox 629 2084 766 2140; x_wconf 78' lang='lat' dir='ltr'>triSternque,</span> <span class='ocrx_word' id='word_1_239' title='bbox 786 2084 893 2127; x_wconf 74' lang='lat' dir='ltr'>iniuriis</span> 
     </span>
     <span class='ocr_line' id='line_1_27' title="bbox 32 2160 891 2218; baseline -0.002 -12"><span class='ocrx_word' id='word_1_240' title='bbox 32 2165 93 2208; x_wconf 75' lang='lat' dir='ltr'>uitae</span> <span class='ocrx_word' id='word_1_241' title='bbox 109 2163 233 2207; x_wconf 80' lang='lat' dir='ltr'>rationibus</span> <span class='ocrx_word' id='word_1_242' title='bbox 252 2166 274 2204; x_wconf 85' lang='lat' dir='ltr'>et</span> <span class='ocrx_word' id='word_1_243' title='bbox 290 2162 353 2203; x_wconf 80' lang='lat' dir='ltr'>vario</span> <span class='ocrx_word' id='word_1_244' title='bbox 372 2164 446 2215; x_wconf 81' lang='lat' dir='ltr'>statu,</span> <span class='ocrx_word' id='word_1_245' title='bbox 469 2165 491 2203; x_wconf 90' lang='lat' dir='ltr'>et</span> <span class='ocrx_word' id='word_1_246' title='bbox 511 2172 553 2217; x_wconf 84' lang='lat' dir='ltr'>per·</span> <span class='ocrx_word' id='word_1_247' title='bbox 571 2171 638 2203; x_wconf 88' lang='lat' dir='ltr'>omne</span> <span class='ocrx_word' id='word_1_248' title='bbox 654 2160 699 2203; x_wconf 91' lang='lat' dir='ltr'>hoc</span> <span class='ocrx_word' id='word_1_249' title='bbox 716 2164 802 2216; x_wconf 91' lang='lat' dir='ltr'>tempus</span> <span class='ocrx_word' id='word_1_250' title='bbox 819 2173 891 2218; x_wconf 91' lang='lat' dir='ltr'>usque</span> 
     </span>
     <span class='ocr_line' id='line_1_28' title="bbox 33 2236 890 2293; baseline -0.006 -6"><span class='ocrx_word' id='word_1_251' title='bbox 33 2243 62 2287; x_wconf 82' lang='lat' dir='ltr'>ad</span> <span class='ocrx_word' id='word_1_252' title='bbox 78 2242 210 2286; x_wconf 85' lang='lat' dir='ltr'>hodiernum</span> <span class='ocrx_word' id='word_1_253' title='bbox 229 2239 303 2293; x_wconf 90' lang='lat' dir='ltr'>diem,</span> <span class='ocrx_word' id='word_1_254' title='bbox 331 2237 353 2280; x_wconf 93' lang='lat' dir='ltr'>id</span> <span class='ocrx_word' id='word_1_255' title='bbox 371 2237 431 2293; x_wconf 89' lang='lat' dir='ltr'>quod</span> <span class='ocrx_word' id='word_1_256' title='bbox 448 2248 525 2279; x_wconf 85' lang='lat' dir='ltr'>corum</span> <span class='ocrx_word' id='word_1_257' title='bbox 542 2236 585 2279; x_wconf 87' lang='lat' dir='ltr'>deo</span> <span class='ocrx_word' id='word_1_258' title='bbox 603 2241 625 2280; x_wconf 86' lang='lat' dir='ltr'>et</span> <span class='ocrx_word' id='word_1_259' title='bbox 642 2236 745 2280; x_wconf 86' lang='lat' dir='ltr'>omnibus</span> <span class='ocrx_word' id='word_1_260' title='bbox 761 2236 890 2283; x_wconf 84' lang='lat' dir='ltr'>hominibus</span> 
     </span>
     <span class='ocr_line' id='line_1_29' title="bbox 33 2316 890 2379; baseline -0.006 -14"><span class='ocrx_word' id='word_1_261' title='bbox 33 2322 152 2379; x_wconf 86' lang='lat' dir='ltr'>profiteor,</span> <span class='ocrx_word' id='word_1_262' title='bbox 175 2330 221 2362; x_wconf 94' lang='lat' dir='ltr'>non</span> <span class='ocrx_word' id='word_1_263' title='bbox 236 2317 308 2367; x_wconf 93' lang='lat' dir='ltr'>solum</span> <span class='ocrx_word' id='word_1_264' title='bbox 325 2316 466 2358; x_wconf 84' lang='lat' dir='ltr'>verissimum</span> <span class='ocrx_word' id='word_1_265' title='bbox 483 2326 538 2371; x_wconf 83' lang='lat' dir='ltr'>erga</span> <span class='ocrx_word' id='word_1_266' title='bbox 555 2327 606 2358; x_wconf 81' lang='lat' dir='ltr'>euni</span> <span class='ocrx_word' id='word_1_267' title='bbox 622 2328 738 2371; x_wconf 81' lang='lat' dir='ltr'>umorem,</span> <span class='ocrx_word' id='word_1_268' title='bbox 764 2316 806 2360; x_wconf 91' lang='lat' dir='ltr'>sed</span> <span class='ocrx_word' id='word_1_269' title='bbox 823 2318 890 2360; x_wconf 84' lang='lat' dir='ltr'>etiam</span> 
     </span>
    </p>
   </div>
   <div class='ocr_carea' id='block_1_3' title="bbox 76 2435 893 3105">
    <p class='ocr_par' dir='ltr' id='par_1_3' title="bbox 76 2435 893 3105">
     <span class='ocr_line' id='line_1_30' title="bbox 76 2435 892 2491; baseline -0.004 -15"><span class='ocrx_word' id='word_1_270' title='bbox 76 2440 95 2491; x_wconf 79' lang='lat' dir='ltr'>l)</span> <span class='ocrx_word' id='word_1_271' title='bbox 109 2438 233 2489; x_wconf 79' lang='lat' dir='ltr'>Dogmatiea</span> <span class='ocrx_word' id='word_1_272' title='bbox 248 2436 352 2480; x_wconf 87' lang='lat' dir='ltr'>Herrnesii,</span> <span class='ocrx_word' id='word_1_273' title='bbox 368 2448 419 2486; x_wconf 77' lang='lat' dir='ltr'>qnae</span> <span class='ocrx_word' id='word_1_274' title='bbox 435 2435 499 2472; x_wconf 83' lang='lat' dir='ltr'>trihus</span> <span class='ocrx_word' id='word_1_275' title='bbox 518 2436 577 2471; x_wconf 80' lang='lat' dir='ltr'>tomis</span> <span class='ocrx_word' id='word_1_276' title='bbox 592 2435 647 2472; x_wconf 79' lang='lat' dir='ltr'>editu</span> <span class='ocrx_word' id='word_1_277' title='bbox 662 2441 697 2480; x_wconf 86' lang='lat' dir='ltr'>est,</span> <span class='ocrx_word' id='word_1_278' title='bbox 712 2447 737 2471; x_wconf 79' lang='lat' dir='ltr'>ex</span> <span class='ocrx_word' id='word_1_279' title='bbox 753 2436 834 2476; x_wconf 80' lang='lat' dir='ltr'>schedis</span> <span class='ocrx_word' id='word_1_280' title='bbox 849 2438 892 2473; x_wconf 89' lang='lat' dir='ltr'>eins</span> 
     </span>
     <span class='ocr_line' id='line_1_31' title="bbox 111 2505 891 2554; baseline -0.004 -9"><span class='ocrx_word' id='word_1_281' title='bbox 111 2509 186 2545; x_wconf 87' lang='lat' dir='ltr'>scholis</span> <span class='ocrx_word' id='word_1_282' title='bbox 206 2506 305 2543; x_wconf 75' lang='lat' dir='ltr'>habendis</span> <span class='ocrx_word' id='word_1_283' title='bbox 326 2506 431 2542; x_wconf 81' lang='lat' dir='ltr'>destinatis</span> <span class='ocrx_word' id='word_1_284' title='bbox 451 2517 544 2554; x_wconf 71' lang='lat' dir='ltr'>expressa</span> <span class='ocrx_word' id='word_1_285' title='bbox 564 2512 600 2542; x_wconf 82' lang='lat' dir='ltr'>est.</span> <span class='ocrx_word' id='word_1_286' title='bbox 634 2505 674 2542; x_wconf 87' lang='lat' dir='ltr'>Sed</span> <span class='ocrx_word' id='word_1_287' title='bbox 693 2506 778 2541; x_wconf 85' lang='lat' dir='ltr'>multum</span> <span class='ocrx_word' id='word_1_288' title='bbox 800 2507 891 2551; x_wconf 87' lang='lat' dir='ltr'>interest,</span> 
     </span>
     <span class='ocr_line' id='line_1_32' title="bbox 112 2573 893 2623; baseline -0.005 -11"><span class='ocrx_word' id='word_1_289' title='bbox 112 2577 214 2613; x_wconf 88' lang='lat' dir='ltr'>librumne</span> <span class='ocrx_word' id='word_1_290' title='bbox 236 2587 345 2623; x_wconf 84' lang='lat' dir='ltr'>componas</span> <span class='ocrx_word' id='word_1_291' title='bbox 367 2587 393 2621; x_wconf 72' lang='lat' dir='ltr'>qn</span> <span class='ocrx_word' id='word_1_292' title='bbox 414 2573 498 2609; x_wconf 80' lang='lat' dir='ltr'>selredus</span> <span class='ocrx_word' id='word_1_293' title='bbox 518 2573 618 2609; x_wconf 79' lang='lat' dir='ltr'>conficias.</span> <span class='ocrx_word' id='word_1_294' title='bbox 659 2574 785 2615; x_wconf 81' lang='lat' dir='ltr'>Hermesins,</span> <span class='ocrx_word' id='word_1_295' title='bbox 813 2574 828 2608; x_wconf 90' lang='lat' dir='ltr'>si</span> <span class='ocrx_word' id='word_1_296' title='bbox 849 2573 893 2620; x_wconf 86' lang='lat' dir='ltr'>ipse</span> 
     </span>
     <span class='ocr_line' id='line_1_33' title="bbox 115 2641 892 2695; baseline -0.009 -13"><span class='ocrx_word' id='word_1_297' title='bbox 115 2657 165 2695; x_wconf 90' lang='lat' dir='ltr'>opus</span> <span class='ocrx_word' id='word_1_298' title='bbox 182 2656 238 2680; x_wconf 90' lang='lat' dir='ltr'>suum</span> <span class='ocrx_word' id='word_1_299' title='bbox 254 2643 314 2678; x_wconf 84' lang='lat' dir='ltr'>edere</span> <span class='ocrx_word' id='word_1_300' title='bbox 330 2643 440 2691; x_wconf 81' lang='lat' dir='ltr'>potuisset,</span> <span class='ocrx_word' id='word_1_301' title='bbox 460 2642 491 2678; x_wconf 86' lang='lat' dir='ltr'>lris</span> <span class='ocrx_word' id='word_1_302' title='bbox 505 2641 582 2678; x_wconf 87' lang='lat' dir='ltr'>schedis</span> <span class='ocrx_word' id='word_1_303' title='bbox 597 2642 657 2676; x_wconf 83' lang='lat' dir='ltr'>uliam</span> <span class='ocrx_word' id='word_1_304' title='bbox 674 2646 694 2676; x_wconf 85' lang='lat' dir='ltr'>et</span> <span class='ocrx_word' id='word_1_305' title='bbox 707 2642 771 2676; x_wconf 88' lang='lat' dir='ltr'>multo</span> <span class='ocrx_word' id='word_1_306' title='bbox 786 2641 892 2676; x_wconf 84' lang='lat' dir='ltr'>meliorem</span> 
     </span>
     <span class='ocr_line' id='line_1_34' title="bbox 113 2707 890 2751; baseline -0.009 0"><span class='ocrx_word' id='word_1_307' title='bbox 113 2714 196 2751; x_wconf 82' lang='lat' dir='ltr'>formum</span> <span class='ocrx_word' id='word_1_308' title='bbox 217 2711 300 2747; x_wconf 76' lang='lat' dir='ltr'>&lt;loturus</span> <span class='ocrx_word' id='word_1_309' title='bbox 321 2716 370 2747; x_wconf 81' lang='lat' dir='ltr'>erat.</span> <span class='ocrx_word' id='word_1_310' title='bbox 397 2711 502 2747; x_wconf 76' lang='lat' dir='ltr'>Praeterea</span> <span class='ocrx_word' id='word_1_311' title='bbox 523 2711 544 2745; x_wconf 87' lang='lat' dir='ltr'>in</span> <span class='ocrx_word' id='word_1_312' title='bbox 564 2709 642 2744; x_wconf 86' lang='lat' dir='ltr'>schedis</span> <span class='ocrx_word' id='word_1_313' title='bbox 660 2707 720 2744; x_wconf 85' lang='lat' dir='ltr'>editis</span> <span class='ocrx_word' id='word_1_314' title='bbox 739 2709 825 2744; x_wconf 79' lang='lat' dir='ltr'>omissae</span> <span class='ocrx_word' id='word_1_315' title='bbox 842 2716 890 2745; x_wconf 89' lang='lat' dir='ltr'>sunt</span> 
     </span>
     <span class='ocr_line' id='line_1_35' title="bbox 112 2775 891 2831; baseline -0.008 -12"><span class='ocrx_word' id='word_1_316' title='bbox 112 2779 292 2831; x_wconf 83' lang='lat' dir='ltr'>contemplationes</span> <span class='ocrx_word' id='word_1_317' title='bbox 313 2777 361 2813; x_wconf 80' lang='lat' dir='ltr'>illae</span> <span class='ocrx_word' id='word_1_318' title='bbox 380 2777 499 2826; x_wconf 81' lang='lat' dir='ltr'>religiosae,</span> <span class='ocrx_word' id='word_1_319' title='bbox 519 2788 567 2826; x_wconf 75' lang='lat' dir='ltr'>qnos</span> <span class='ocrx_word' id='word_1_320' title='bbox 583 2777 711 2819; x_wconf 60' lang='lat' dir='ltr'>Herminius,</span> <span class='ocrx_word' id='word_1_321' title='bbox 730 2775 765 2812; x_wconf 91' lang='lat' dir='ltr'>nbi</span> <span class='ocrx_word' id='word_1_322' title='bbox 785 2777 810 2812; x_wconf 82' lang='lat' dir='ltr'>ud</span> <span class='ocrx_word' id='word_1_323' title='bbox 831 2778 891 2813; x_wconf 86' lang='lat' dir='ltr'>finem</span> 
     </span>
     <span class='ocr_line' id='line_1_36' title="bbox 113 2843 890 2901; baseline -0.01 -13"><span class='ocrx_word' id='word_1_324' title='bbox 113 2849 238 2901; x_wconf 80' lang='lat' dir='ltr'>quaestionis</span> <span class='ocrx_word' id='word_1_325' title='bbox 257 2847 359 2882; x_wconf 75' lang='lat' dir='ltr'>cniusdam</span> <span class='ocrx_word' id='word_1_326' title='bbox 383 2852 477 2892; x_wconf 81' lang='lat' dir='ltr'>venerat,</span> <span class='ocrx_word' id='word_1_327' title='bbox 498 2846 578 2893; x_wconf 80' lang='lat' dir='ltr'>saepius</span> <span class='ocrx_word' id='word_1_328' title='bbox 592 2845 680 2893; x_wconf 87' lang='lat' dir='ltr'>protulit</span> <span class='ocrx_word' id='word_1_329' title='bbox 696 2843 762 2893; x_wconf 88' lang='lat' dir='ltr'>iisqne</span> <span class='ocrx_word' id='word_1_330' title='bbox 776 2844 828 2880; x_wconf 78' lang='lat' dir='ltr'>adeo</span> <span class='ocrx_word' id='word_1_331' title='bbox 844 2846 890 2880; x_wconf 79' lang='lat' dir='ltr'>ani-</span> 
     </span>
     <span class='ocr_line' id='line_1_37' title="bbox 112 2910 891 2962; baseline -0.005 -7"><span class='ocrx_word' id='word_1_332' title='bbox 112 2930 156 2955; x_wconf 91' lang='lat' dir='ltr'>mos</span> <span class='ocrx_word' id='word_1_333' title='bbox 172 2914 297 2953; x_wconf 78' lang='lat' dir='ltr'>audientium</span> <span class='ocrx_word' id='word_1_334' title='bbox 315 2914 434 2959; x_wconf 81' lang='lat' dir='ltr'>commouit,</span> <span class='ocrx_word' id='word_1_335' title='bbox 456 2919 478 2950; x_wconf 88' lang='lat' dir='ltr'>nt</span> <span class='ocrx_word' id='word_1_336' title='bbox 497 2912 549 2949; x_wconf 87' lang='lat' dir='ltr'>nihil</span> <span class='ocrx_word' id='word_1_337' title='bbox 569 2910 624 2960; x_wconf 84' lang='lat' dir='ltr'>quod</span> <span class='ocrx_word' id='word_1_338' title='bbox 643 2912 708 2948; x_wconf 82' lang='lat' dir='ltr'>simile</span> <span class='ocrx_word' id='word_1_339' title='bbox 729 2919 782 2949; x_wconf 85' lang='lat' dir='ltr'>esset</span> <span class='ocrx_word' id='word_1_340' title='bbox 801 2926 891 2962; x_wconf 84' lang='lat' dir='ltr'>unquam</span> 
     </span>
     <span class='ocr_line' id='line_1_38' title="bbox 111 2980 886 3030; baseline -0.001 -11"><span class='ocrx_word' id='word_1_341' title='bbox 111 2985 229 3024; x_wconf 70' lang='lat' dir='ltr'>audiverim.</span> <span class='ocrx_word' id='word_1_342' title='bbox 245 2983 299 3018; x_wconf 80' lang='lat' dir='ltr'>llaec</span> <span class='ocrx_word' id='word_1_343' title='bbox 313 2993 395 3017; x_wconf 87' lang='lat' dir='ltr'>monere</span> <span class='ocrx_word' id='word_1_344' title='bbox 408 2981 540 3018; x_wconf 83' lang='lat' dir='ltr'>necessarium</span> <span class='ocrx_word' id='word_1_345' title='bbox 554 2980 618 3015; x_wconf 79' lang='lat' dir='ltr'>visum</span> <span class='ocrx_word' id='word_1_346' title='bbox 634 2985 670 3024; x_wconf 85' lang='lat' dir='ltr'>est,</span> <span class='ocrx_word' id='word_1_347' title='bbox 686 2985 708 3014; x_wconf 90' lang='lat' dir='ltr'>ut</span> <span class='ocrx_word' id='word_1_348' title='bbox 721 2980 793 3030; x_wconf 85' lang='lat' dir='ltr'>iniquo</span> <span class='ocrx_word' id='word_1_349' title='bbox 802 2981 886 3026; x_wconf 87' lang='lat' dir='ltr'>iudicio,</span> 
     </span>
     <span class='ocr_line' id='line_1_39' title="bbox 114 3048 889 3105; baseline -0.005 -14"><span class='ocrx_word' id='word_1_350' title='bbox 114 3053 169 3105; x_wconf 88' lang='lat' dir='ltr'>quod</span> <span class='ocrx_word' id='word_1_351' title='bbox 190 3052 215 3089; x_wconf 90' lang='lat' dir='ltr'>de</span> <span class='ocrx_word' id='word_1_352' title='bbox 233 3049 310 3099; x_wconf 78' lang='lat' dir='ltr'>generis</span> <span class='ocrx_word' id='word_1_353' title='bbox 331 3050 433 3088; x_wconf 80' lang='lat' dir='ltr'>scribendi</span> <span class='ocrx_word' id='word_1_354' title='bbox 455 3052 498 3088; x_wconf 81' lang='lat' dir='ltr'>eins</span> <span class='ocrx_word' id='word_1_355' title='bbox 518 3050 646 3096; x_wconf 75' lang='lat' dir='ltr'>Dngirruticue</span> <span class='ocrx_word' id='word_1_356' title='bbox 666 3048 732 3099; x_wconf 86' lang='lat' dir='ltr'>pretio</span> <span class='ocrx_word' id='word_1_357' title='bbox 753 3048 799 3085; x_wconf 82' lang='lat' dir='ltr'>ferri</span> <span class='ocrx_word' id='word_1_358' title='bbox 820 3051 889 3100; x_wconf 79' lang='lat' dir='ltr'>possit,</span> 
     </span>
    </p>
   </div>
   <div class='ocr_carea' id='block_1_4' title="bbox 116 3133 245 3159">
    <p class='ocr_par' dir='ltr' id='par_1_4' title="bbox 116 3133 245 3159">
     <span class='ocr_line' id='line_1_40' title="bbox 116 3133 245 3159; baseline -0.023 -1"><span class='ocrx_word' id='word_1_359' title='bbox 116 3133 245 3159; x_wconf 76' lang='lat' dir='ltr'>occurramus.</span> 
     </span>
    </p>
   </div>
   <div class='ocr_carea' id='block_1_5' title="bbox 0 0 994 3399">
    <p class='ocr_par' dir='ltr' id='par_1_5' title="bbox 0 0 994 3399">
     <span class='ocr_line' id='line_1_41' title="bbox 0 0 994 3399; baseline 0 1"><span class='ocrx_word' id='word_1_360' title='bbox 0 0 994 3399; x_wconf 95' lang='lat' dir='ltr'> </span> 
     </span>
    </p>
   </div>
  </div>
 </body>
</html>
