1979 3399
366 78 566 132 -l89-

143 219 233 266 stinetio
250 218 308 279 aprrd
320 219 469 278 Herrncsinm,
486 225 509 265 ut
525 232 567 265 sno
584 220 635 265 loeo
647 216 772 275 ostendam,
791 220 839 262 toto
856 231 905 263 cnm

143 307 264 361 systemate
291 314 395 348 connexa
412 307 448 347 est
464 307 485 347 et
501 302 546 346 rim
562 316 623 347 sumn
642 301 727 347 exserit
741 301 765 345 in
780 305 849 346 totam
866 313 906 344 re-

141 384 290 441 velationem,
315 385 338 428 in
360 384 444 429 nrotira
462 383 615 428 eredibilitatis
632 388 654 427 ct
673 382 773 443 singulas
788 382 905 437 veritates,

142 477 199 522 quae
209 464 350 509 revelatione
369 464 516 509 continentur.
549 464 621 509 Primo
635 464 747 513 volumine
763 463 904 524 praelectio-

133 558 192 589 ·nurn
201 557 300 589 mearum
317 544 501 604 theologicarum,
519 558 573 603 quas
585 559 644 590 anno
663 546 721 592 1535
732 547 817 592 Romae
830 546 900 601 edidi,

139 624 199 669 illam
215 623 380 670 distinctionem
397 627 479 685 pagina
490 624 541 681 939,
557 631 581 669 ut
597 640 653 684 <prae
669 628 734 672 srdcm
750 628 901 688 religionem-

142 717 185 763 que
203 706 321 751 subrueret
338 713 360 752 et
376 707 404 752 ad
419 706 839 768 SoeinianismurnRationalisrnurnque
856 709 901 754 du-

146 790 215 843 ceret,
232 786 381 834 ‹tennnuavir
399 817 430 824 —

106 865 130 910 lo
147 868 268 927 triumphe!
286 870 332 915 lam
348 882 397 914 rem
416 873 534 914 tenemus:
553 867 639 914 scilicet
656 866 769 913 distinctio
786 869 844 914 inter
858 882 899 914 ra-

45 949 129 993 tionem
145 944 289 994 theoreticam
305 955 328 995 et
347 950 476 1007 practicam
488 949 624 1008 principalis
642 963 709 994 error
726 955 760 995 est
773 951 899 1009 systematis

45 1030 192 1075 Hermesiani.
224 1031 287 1076 Haec
312 1036 347 1076 est
363 1031 400 1076 illa
425 1031 554 1087 distinctio,
576 1044 633 1090 qnae
648 1029 714 1075 fidem
731 1032 817 1076 subruit
833 1037 855 1075 et
871 1032 900 1077 ad

44 1112 221 1159 rationalismrrm
231 1110 305 1158 ducit!
326 1114 361 1158 Ac
371 1126 400 1158 ne
411 1112 467 1157 ullus
479 1112 522 1156 lrac
535 1112 562 1157 de
572 1127 597 1158 re
612 1112 712 1157 dubitare
728 1112 792 1157 velit!
809 1112 900 1158 Scilicet

45 1194 148 1237 examine
163 1198 269 1239 acoruate
286 1194 386 1239 instituto
403 1194 522 1239 Petronius
540 1194 584 1239 lroc
601 1193 723 1253 cognorit!
750 1191 768 1238 Ο
786 1193 900 1238 hominem
954 1205 956 1210 ’

44 1275 173 1335 religiosum
191 1280 213 1320 et
229 1274 327 1332 doctum,
347 1276 383 1334 qui
397 1280 441 1321 tam
459 1281 564 1321 accurate
585 1276 697 1320 examinet
719 1278 741 1318 et
757 1279 801 1319 tarn
818 1277 900 1320 acriter·

43 1356 132 1401 videat!
157 1356 201 1402 Sed
226 1356 277 1415 qiud
301 1370 318 1401 s.
336 1357 400 1401 Pater
417 1356 492 1401 audito
514 1355 558 1401 lroo
575 1357 666 1400 invento
685 1355 784 1399 dicturus
801 1356 855 1401 est?
869 1356 898 1401 tti

42 1416 144 1494 Perconi,
158 1438 188 1481 mi
204 1436 309 1492 Perconi,
327 1437 398 1494 probe
415 1438 543 1496 recogitare
558 1436 621 1492 velis,
638 1450 696 1496 qnae
712 1437 780 1482 modo
796 1438 898 1495 seripse-

42 1518 86 1563 ris!
103 1518 124 1563 S.
143 1519 207 1563 Pater
221 1519 382 1581 mercennarii,
398 1518 519 1577 principale
534 1517 645 1563 Hermesii
662 1520 738 1564 vitium
755 1532 820 1575 esse,
837 1519 897 1576 quod

42 1599 61 1643 is
75 1597 173 1643 Dubiam
187 1598 309 1655 peritiorem
327 1597 392 1642 busin
409 1599 480 1643 ornatis
496 1598 632 1657 tlreolept'cue
647 1600 798 1657 r‘rran'sitionis
812 1600 899 1644 redde-

42 1686 92 1738 ret,
116 1685 140 1724 tn
163 1686 235 1725 autern
262 1680 396 1738 contendis,
421 1681 587 1726 distinctionem
612 1682 705 1726 rationis
724 1681 858 1726 theoreticae
877 1687 899 1726 et

40 1760 159 1818 practicae
180 1761 325 1820 principalem
348 1774 448 1806 errorem
473 1764 600 1822 systematis
620 1763 761 1807 Herrnesiani
783 1762 846 1808 essel
867 1763 899 1807 Tu

42 1843 110 1901 igitur
127 1842 197 1888 audes
216 1843 240 1887 in
254 1843 303 1901 ipsa
320 1842 376 1887 urbe
393 1855 411 1887 s.
431 1842 489 1887 Patri
513 1844 676 1889 contradicere.
694 1871 723 1879 -
740 1843 818 1888 Mirum
835 1857 899 1901 sane,

43 1922 176 1979 permirum!
202 1921 274 1967 Breve
291 1923 358 1979 dicit,
381 1923 503 1981 principale
521 1925 596 1968 vitium
613 1924 636 1967 in
654 1925 729 1970 Dubio
744 1924 843 1981 positivo
862 1925 900 1969 in-

44 2016 102 2061 esse,
117 2004 244 2062 Perronius,
261 2005 337 2049 inesse
350 2006 372 2048 in
385 2004 524 2048 distinctione
540 2005 635 2049 retronis
652 2005 787 2049 theoreticae
804 2010 825 2049 et
837 2019 898 2062 pre.

45 2085 128 2141 eticae,
144 2085 371 2141 Windisclrmannus,
388 2087 432 2129 boe
447 2085 570 2142 principale
586 2085 662 2129 vitium
679 2098 743 2140 esse,
760 2086 820 2143 quod
835 2086 896 2131 Her·-

43 2168 126 2212 mesius
149 2168 172 2211 in
195 2166 285 2212 dimidia
300 2167 337 2209 via
356 2166 490 2222 substiterit,
511 2177 584 2223 neque
604 2164 631 2208 ad
651 2163 801 2222 dialecticem,
823 2167 896 2211 rrrinos

44 2248 110 2293 etium
135 2246 351 2307 eadfspeenleta'eonr
371 2245 482 2290 rationem
502 2256 637 2303 progressus
661 2245 703 2289 sit!
728 2245 806 2291 lllirrrrn
832 2260 895 2302 sanc,

44 2328 176 2385 permirum!

106 2410 167 2456 Situ
183 2410 296 2454 inventum
313 2413 388 2460 tuum,
406 2412 523 2466 antequam
540 2406 673 2465 evulgares,
689 2418 777 2451 meeum
794 2422 897 2455 commu-

45 2491 162 2546 nicasseS,
180 2490 279 2549 egotibi
296 2502 402 2534 suasurus
420 2487 528 2543 fuissem,
547 2501 576 2531 ne
590 2492 635 2531 tarn
654 2487 714 2531 clare
728 2492 788 2533 tuurn
805 2486 897 2551 ηὕρηκα

44 2572 201 2628 proclamares
233 2570 288 2614 Nam
305 2582 401 2625 vereor,
426 2583 455 2612 nc
472 2570 584 2613 inventum
601 2568 765 2613 difficultatibus
781 2574 804 2613 tc
822 2570 897 2629 impli-

45 2656 88 2696 cet.
119 2652 169 2697 Non
185 2662 228 2708 quc
248 2650 352 2705 timeam,
368 2663 397 2692 ne
413 2649 472 2693 sarna
491 2650 606 2693 doctrinae
622 2654 675 2692 tuae
689 2649 843 2694 detrimentum
860 2650 896 2694 fa-

46 2731 105 2788 eiat,
125 2743 176 2774 nam
194 2741 221 2773 eo
238 2729 262 2772 in
278 2740 363 2786 genere
378 2727 473 2785 perdere
489 2730 533 2773 iarn
549 2727 603 2771 nihil
617 2733 696 2785 potes,
714 2742 799 2787 neque,
816 2743 845 2773 ne
859 2731 896 2774 in-

46 2810 128 2855 vidiam
143 2810 259 2855 doctorum
272 2808 386 2853 bominum
396 2809 500 2854 italorum
513 2814 535 2854 et
544 2808 727 2864 Theodiseorum,
746 2810 782 2868 qui
795 2812 894 2868 quamvis

47 2890 208 2936 studiosissime
225 2889 363 2947 inquirentes
378 2894 453 2934 tamen
470 2889 515 2935 hoe
529 2891 641 2934 inventum
656 2902 700 2933 non
718 2891 825 2947 expiscati
837 2898 895 2949 sunt,

47 2971 184 3028 experiaris:
202 2969 246 3014 lroc
261 2969 337 3025 tirneo,
355 2983 384 3012 ne
402 2982 443 3013 eos
455 2971 517 3015 viros
529 2970 638 3024 offendas,
657 2970 735 3027 quibus
753 2970 780 3013 de
799 2971 835 3014 via
853 2972 896 3017 de-

48 3050 129 3095 cedere
148 3050 251 3096 debuisti.
281 3049 336 3094 Nam
353 3051 372 3094 si
388 3055 448 3095 tunrn
465 3052 578 3095 inventum
595 3050 618 3093 id
634 3050 751 3115 estquod
768 3064 856 3110 crepas,
874 3057 893 3099 si

48 3128 158 3176 distinctio
177 3130 272 3177 rationis
288 3128 423 3175 tbecreticee
439 3136 461 3175 et
473 3130 591 3189 practicae
605 3134 714 3174 tantorum
731 3143 831 3177 errorum
846 3148 896 3178 ma-

48 3211 81 3273 ter
106 3218 155 3271 cst,
170 3219 194 3260 tn
218 3213 325 3259 continuo
348 3211 462 3260 lrorninunr
490 3210 715 3259 celebratissimornrn
741 3216 894 3261 anctoritatem
