1979 3399
377 69 579 123 —ledm

42 210 161 256 beratione
178 213 293 258 versatam
310 212 407 272 desudat,
425 213 548 260 videamus.
566 215 651 275 Pagina
670 213 698 271 18
716 206 785 259 libelli
805 210 840 257 sui
856 215 905 257 tra*

43 291 91 337 dit:
109 291 165 351 ,hoc
182 306 293 340 consessu
310 296 413 355 quaestio
431 295 578 354 tractabatur,
593 308 636 354 qua
652 295 742 340 ratione
759 293 817 351 ordo
835 283 904 337 theo·

42 371 145 432 logorum
162 373 192 419 ad
208 374 330 420 ecclesiam
347 375 490 432 referretrir,⁴‘
509 381 531 419 et
546 377 628 435 pagina
643 375 671 422 19
688 376 776 434 scribit,
792 374 826 433 ,is
843 386 903 418 con-

43 466 123 499 sessus¹
138 447 279 511 habebatur,
293 459 414 513 propterea
431 453 492 512 qnod
506 456 646 502 universitati
661 456 777 502 Bonnensi
793 469 808 501 a·
822 458 902 501 sancta

43 534 99 579 sede
116 535 181 592 copia
195 546 243 579 uon
259 534 319 579 sacta
335 539 391 592 erat,
406 533 491 593 gradus
505 535 653 581 ‘academicos
668 536 832 595 inipertiendi.“

106 614 224 659 Undenam
240 614 362 659 Pervonius
377 615 483 672 rescivit,
508 627 575 671 parum
590 614 617 659 ob
635 629 727 660 causam
743 616 762 661 is
779 629 903 662 consessus

44 694 132 739 habitus
148 694 198 740 sit?
229 694 288 740 Fons
306 694 364 740 illins
379 694 435 739 nihil
451 694 532 752 habet,
559 693 666 754 ipsaeque
683 696 860 742 deliberationes
873 710 903 741 ne

43 775 163 835 vestigium
178 775 268 834 quidem
288 775 398 820 eiusmodi
417 787 501 819 causae
518 774 646 819 ostendunt.
687 774 723 820 An
739 775 860 821 Perrouius
879 778 902 821 in

44 869 71 901 ea
93 855 205 901 sententia
228 860 262 900 est
283 860 307 900 ut
330 857 449 913 opinetur,
475 855 644 900 vinivei’sitatem
665 855 808 900 Bonnensem
832 857 903 902 Roma

42 941 176 995 potestatem
192 937 277 996 gradus
287 937 432 982 academicos
448 936 598 996 impertiendi,
617 935 724 981 doctores
739 931 903 996 philosophiae,

42 1016 177 1075 medicinae,
194 1008 336 1079 chirurgiae,
353 1018 407 1064 artis
426 1017 582 1074 obstetriciae,
606 1016 794 1076 iurisprudentiac
812 1018 905 1064 creandi

42 1101 121 1156 petere
138 1096 266 1144 debuisse?
296 1099 347 1146 Non
364 1099 409 1145 hoc
426 1099 515 1157 solum,
538 1098 580 1144 sed
601 1097 661 1144 idem
680 1110 758 1144 coram
774 1100 899 1144 lectoribus

43 1180 90 1226 suis
108 1179 219 1238 ostendit,
242 1180 324 1225 iactum
347 1191 415 1238 esse,
440 1179 501 1238 quod
524 1180 590 1239 plane
612 1178 696 1224 iactum
716 1183 831 1235 nonest,
852 1175 910 1223 uni-‘

42 1259 173 1306 versitatem
195 1260 266 1306 Roma
291 1260 414 1319 petivisse,
438 1264 463 1305 ut
485 1259 570 1319 gradus
592 1258 736 1322 academicos
760 1260 905 1317 concedere,

44 1341 150 1387 doctores
167 1341 302 1400 medicinae,
322 1340 459 1401 chirurgiae,
476 1341 530 1386 artis
549 1341 692 1385 obstetriciae
712 1352 791 1384 creare
807 1340 828 1385 ei
845 1341 904 1385 lice-

43 1422 90 1466 6611
125 1420 183 1475 Quid
199 1421 258 1466 enim
274 1422 367 1466 verbum
391 1420 472 1479 „cupid
493 1433 538 1464 666
558 1420 623 1478 fucta
645 1424 691 1463 este
716 1419 832 1479 suggerit,
858 1423 903 1467 nisi

44 1501 96 1558 hoc,
110 1501 217 1560 petivisse
235 1500 295 1545 illam
312 1500 415 1546 sednon
431 1500 587 1557 impetravisse
605 1498 665 1557 quod
680 1500 818 1557 petivisset?
856 1501 902 1548 Sed

44 1581 140 1643 agedum
156 1586 262 1626 accurate
278 1579 395 1625 videamus
412 1591 469 1637 quae
484 1578 604 1623 Perronius
622 1577 695 1623 tradit.
728 1579 823 1626 Scribit:

106 1662 217 1721 ,Fuerunt
233 1659 329 1705 stabilita
345 1659 445 1703 haecce:

77 1743 103 1799 1)
119 1741 277 1800 ,Professores
301 1739 391 1785 acivili
408 1742 519 1798 potestate
541 1738 698 1783 adsciscuntur
719 1743 742 1783 et
763 1740 905 1800 inauguran-

123 1825 185 1867 tur:“
204 1820 264 1880 quod
281 1820 380 1865 additum
395 1824 444 1864 est:
462 1818 561 1877 „ordinis
583 1819 612 1863 ad
629 1818 750 1864 ecclesiam
765 1821 823 1865 ratio
840 1822 905 1866 simul

121 1900 234 1959 postulat,
259 1905 282 1945 ut
296 1903 447 1959 praeceptor,
474 1911 539 1957 quem
562 1898 634 1943 civilis
657 1903 758 1957 potestas
776 1898 907 1944 dclsctscerc

123 1980 232 2038 intersedit,
259 1979 367 2038 episcopo
392 1982 574 2036 repraesentetur
602 1978 695 2036 eiusque
725 1991 821 2024 assensu
848 1991 908 2037 pro-

120 2062 214 2118 1]61.111’,<1

46 2143 90 2188 1166
107 2141 282 2186 additamentum
298 2138 419 2183 Perronius
436 2137 565 2195 suppressit.

107 2220 165 2267 Acta
179 2219 265 2265 ordinis
280 2217 437 2277 theologorum
456 2215 576 2260 definiunt:

138 2299 263 2359 ᾖ0116116111
279 2300 390 2344 rationem
406 2296 499 2351 attinet,
516 2305 574 2354 quae
590 2293 693 2339 ordinem
708 2293 767 2339 inter
785 2300 808 2340 et
824 2296 902 2341 sedem

139 2380 290 2440 episcopalem
312 2377 455 2431 intercedet,
483 2375 540 2420 ordo
566 2374 627 2419 hanc
655 2387 758 2419 normam
782 2377 904 2433 constituit,

138 2461 200 2505 invia
217 2460 291 2518 legem
309 2458 337 2503 ab
354 2457 452 2502 ecclesia
469 2453 579 2500 catholica
589 2466 631 2498 usu
642 2459 756 2512 receptam
773 2456 795 2500 ci
810 2457 903 2514 episco-

139 2552 182 2598 po,
203 2540 227 2583 111
245 2538 308 2583 cuius
324 2536 427 2582 dioecesi
443 2535 499 2580 ordo
516 2533 673 2592 theologorum
690 2534 851 2581 catholicorum
869 2539 905 2593 sit,

70 2643 72 2645 v
140 2620 230 2664 omnino
248 2619 426 2676 competerent
445 2615 474 2659 de
492 2615 601 2670 doctriua,
618 2627 684 2672 (pram
697 2604 902 2672 profiteaturordo,

75 2711 77 2714 '
139 2701 247 2760 invigilet,
264 2700 367 2757 anquhat
383 2703 405 2742 ct
421 2697 533 2742 custodiat
541 2712 548 2751 3
565 2699 705 2753 6666666166
721 2709 778 2754 opus
796 2708 862 2751 csse,
879 2700 905 2739 ut

140 2781 208 2825 licent
227 2779 334 2837 episcopo
356 2777 452 2821 61611666
475 2776 576 2821 cardinem
593 2779 615 2819 et
633 2787 649 2818 6
663 2775 778 2833 magistris
794 2774 905 2820 rationem

140 2861 256 2907 do'ctrt'nae
273 2872 330 2904 6666
344 2858 485 2916 postularesl

109 2940 172 2986 Haec
188 2939 307 2985 Perronius
324 2951 365 2983 suo
381 2950 445 2982 more
462 2937 496 2981 sic
511 2935 599 2980 reddit:

141 3020 278 3079 „Episcopus
294 3030 346 3062 cum
362 3016 423 3062 civili
446 3018 558 3076 potestate
575 3023 620 3057 nou
640 3009 684 3053 uisi
706 3011 822 3057 mouendo
838 2999 905 3060 com-

141 3102 256 3146 municare
271 3102 364 3158 polest,
387 3096 448 3143 hune
464 3095 523 3141 illum
544 3092 697 3153 prolcssorcm
720 3090 764 3137 sibi
791 3094 906 3153 116111116-

72 3188 73 3196 ’
111 3183 184 3222 cenet
