1979 3399
417 80 545 129 ...170
583 108 619 116 .-

190 234 278 281 quoquc
295 223 383 264 exstare
405 217 473 263 debet
495 218 523 263 de
542 218 689 263 successione
715 218 849 276 doctrinae,
871 218 951 279 quain

191 301 286 346 futurum
303 304 445 359 praestentur
468 312 514 357 ea,
537 298 617 357 quibus
637 311 693 357 opus
716 312 767 343 esse
790 300 902 358 uidimus,
929 304 951 345 ut

189 394 270 440 corpus
287 380 405 426 doctorum
422 382 533 441 integrum
551 380 580 426 sit
595 384 663 439 utque
689 381 792 427 doctrina
812 381 949 440 singulorum

188 462 305 509 doctorum
321 469 386 509 recte
403 477 428 531 se
443 463 526 509 habeat
535 479 542 520 ;
566 464 633 508 etiam
647 454 705 507 haec
723 461 761 505 lex
776 462 850 520 palam
865 477 951 508 renun-

190 545 242 589 tiari
258 544 333 590 debet.
371 545 396 590 ln
412 545 456 590 hac
472 558 540 590 causa
558 544 593 589 ius
609 543 758 603 promovendi
776 556 789 587 a
803 555 858 602 rege
877 544 950 588 datum

186 638 268 684 perse
286 626 358 671 solum
373 639 420 671 non
436 625 540 672 sufficere
562 625 635 669 ordini
652 623 810 684 theologorum
826 623 951 691 catholico

187 721 245 762 rum,
261 711 285 752 ut
302 707 383 753 suffieit
398 706 472 752 ordini
485 705 643 764 theologorum
662 704 861 765 evangelicorum,
884 705 906 750 id
922 719 951 750 ex

188 785 284 832 diversis
301 786 416 846 utriusque
433 785 583 832 confessionis
599 784 686 844 placitis
711 799 752 845 per
775 800 800 831 se
822 786 888 832 lucet.
907 791 949 831 cet.

188 873 246 914 cett

155 947 201 994 lam
216 950 296 994 iterum
313 948 364 1008 lege
381 949 434 995 mihi
452 950 525 994 uerba
540 949 641 994 Perronii
665 953 688 993 et
708 949 835 1006 responde,
859 962 888 993 an
904 961 950 993 non

95 1026 156 1090 idem
174 1032 287 1087 oppugnet
303 1028 447 1085 Hermesius,
471 1029 531 1086 quod
546 1028 664 1085 Petronius
687 1029 746 1074 illum
771 1030 870 1075 suasisse
889 1029 950 1074 fecit.

93 1106 161 1152 Certe
176 1107 265 1165 quidem
281 1112 305 1153 ut
321 1109 388 1164 scias,
405 1107 457 1167 quid
473 1107 602 1154 Hermesius
620 1108 735 1166 docuerit,
756 1110 839 1169 ubique
857 1115 950 1155 contra-

94 1188 152 1232 rium
169 1188 217 1232 eius
236 1189 340 1246 accipere
356 1188 426 1247 licet,
452 1188 511 1246 quod
534 1189 555 1233 ei
570 1189 688 1234 Perronius
713 1189 802 1235 tribuit!
835 1190 879 1237 Sed
896 1191 949 1248 quid

94 1269 193 1314 Seberus
209 1270 233 1314 in
249 1269 293 1313 hac
310 1282 378 1314 causa
395 1269 485 1314 sensit?
516 1269 542 1313 Ei
560 1274 621 1328 certe
638 1269 735 1315 Seberus
752 1284 829 1329 parum
846 1273 949 1331 cognitus

93 1362 146 1394 esse
162 1348 236 1408 debet,
254 1350 291 1408 qui
307 1351 426 1406 existimet,
442 1363 492 1393 cum
510 1350 532 1393 in
550 1348 585 1393 his
601 1350 669 1395 rebus
684 1352 811 1397 severiores
829 1352 893 1411 leges
910 1366 950 1397 se-

94 1435 167 1475 cutum
184 1444 317 1489 essequam
334 1430 482 1475 Hermesiurn
514 1430 613 1476 Seberus
629 1432 677 1489 ipse
692 1434 828 1491 miraretur,
846 1434 864 1478 si
882 1433 949 1478 audi-

91 1516 140 1568 ret,
158 1512 209 1570 quid
227 1512 332 1557 statuisse
342 1513 420 1569 ¹ipsum
435 1510 556 1556 Perronius
573 1513 693 1571 scripserit.
732 1513 787 1558 Num
803 1527 858 1558 vero
875 1514 949 1560 Sebe-

92 1605 139 1650 rus,
156 1593 194 1651 qui
211 1597 262 1637 ante
278 1593 461 1648 existimauerat,
489 1606 623 1650 „censuram
638 1593 789 1651 episcopatem
808 1593 871 1638 troad
884 1594 949 1639 dabie

91 1672 205 1717 trabeatum
222 1673 330 1718 scientiae
347 1674 469 1717 diluturum
486 1688 551 1726 esse;
573 1675 625 1731 fore
647 1678 672 1717 nt
684 1689 727 1731 per·
744 1689 793 1719 eom
810 1676 908 1720 hondrtes
925 1676 949 1719 in

93 1754 235 1811 mepln'tt'erun
252 1754 369 1812 teturpiotn
386 1753 593 1810 derrterpcreatur,“
616 1766 668 1797 num
686 1754 705 1799 is
721 1753 794 1799 subito
812 1757 948 1801 contrariam

94 1837 227 1881 sententiam
244 1835 385 1892 amplexuros
403 1834 467 1878 crat?

185 1918 233 1976 ,Ab
251 1917 296 1961 hoc
313 1920 442 1973 tempore,“
466 1914 584 1959 Pcrronius
601 1927 694 1959 narrare
717 1915 807 1973 pergit,
835 1915 876 1973 „ab
902 1917 947 1961 hoc

186 2004 287 2057 tempore
303 1997 434 2041 Hermesius
450 1995 512 2040 solus
528 1997 550 2039 in
567 1994 603 2039 illa
619 1995 765 2039 universitate
783 1995 946 2054 dominabatur,

184 2079 222 2124 ubi
244 2080 288 2123 ianr
313 2078 431 2122 maximam
454 2082 540 2135 partem
566 2075 722 2120 cathedrarum
747 2075 773 2119 ab
795 2077 946 2123 llermesianis

185 2164 318 2218 occupatam
335 2171 386 2203 esse
402 2170 448 2202 non
464 2158 544 2202 mirum
560 2155 655 2200 videtur.
689 2155 731 2209 Qrii
747 2154 775 2200 ad
791 2155 875 2215 gradus
892 2172 946 2203 aca-

186 2240 286 2284 demicos
302 2238 447 2297 adspirabant
464 2242 486 2281 et
503 2237 531 2282 ad
547 2250 642 2282 examen
659 2236 744 2281 admitti
763 2237 875 2295 volebant,
892 2239 908 2283 ii
923 2240 946 2283 in

184 2320 253 2365 rerba
269 2319 378 2378 magistri,
394 2318 454 2376 quod
470 2317 558 2374 dicitur,
575 2318 650 2362 iurare
668 2316 813 2375 cogebantur.
842 2316 890 2363 Hae
906 2332 946 2379 ra-

185 2401 247 2445 tione
263 2399 405 2456 intelligitur,
426 2398 538 2456 (prornodo
558 2397 640 2442 factum
656 2397 684 2441 sit
700 2400 723 2440 ut
739 2395 878 2442 Hennesiani
895 2402 946 2443 tan-
982 2391 984 2393 ¹

187 2487 231 2526 tam
247 2481 368 2540 potentiam
385 2479 582 2536 adipisce1·entur.“
776 2483 777 2486 ’

156 2564 308 2620 Quaecunque
325 2560 445 2604 Perronius
468 2557 512 2602 hoc
536 2558 588 2603 loco
611 2558 717 2615 narrarit,
739 2571 766 2601 ca
790 2558 813 2601 in
830 2560 946 2604 veritatem

92 2651 222 2692 transuersa
238 2646 360 2689 incurrunt.
401 2641 520 2686 Perronius
539 2640 606 2700 igitur
627 2640 684 2684 haec
702 2645 739 2684 aut
762 2641 811 2699 ipse
829 2640 891 2685 stianit
909 2646 946 2684 aut
979 2651 981 2654 ’

92 2729 119 2774 ab
138 2728 187 2773 aliis
203 2726 297 2785 accepit.
330 2723 462 2769 Utrumlibet
478 2725 595 2780 statueris,
613 2736 659 2768 non
676 2723 749 2778 licuit,
767 2727 791 2766 ut
806 2722 863 2780 typis
880 2722 946 2767 evid-

91 2812 206 2867 garentur.
244 2806 300 2852 Nam
318 2804 406 2849 etiamsi
423 2802 531 2847 Petronio
548 2800 606 2846 hanc
623 2802 712 2847 veniam
734 2816 800 2862 quam
817 2817 883 2850 nenm
901 2805 946 2849 bo-

90 2903 132 2934 nus
151 2891 242 2946 expetit,
261 2892 298 2932 aut
313 2886 358 2931 hoc
372 2885 428 2930 iuris
445 2883 555 2942 privilegii
570 2883 621 2929 loeo
640 2883 768 2928 concedere
790 2884 898 2941 velimus,
923 2889 946 2929 ut

92 2971 208 3015 ueritatem
228 2969 360 3027 detorqueat
379 2971 402 3010 et
420 2964 479 3009 tacta
496 2965 544 3023 ipse
561 2964 645 3025 irrigat,
670 2970 745 3010 tamen
762 2966 798 3010 vel
817 2964 945 3011 amicissimi

90 3052 138 3095 eius
154 3054 192 3096 iiix
208 3050 349 3110 probabunt,
372 3048 431 3093 illum
455 3050 499 3089 lam
524 3047 600 3105 pingui
624 3047 724 3091 illinerva
749 3048 862 3091 mentitum
885 3059 944 3092 esse.

87 3131 132 3178 Scd
149 3133 168 3176 si
190 3131 247 3176 haec
271 3131 337 3176 bonis
354 3131 400 3174 suis
419 3127 510 3182 amicir,
533 3141 587 3185 qeins
605 3130 628 3173 in
648 3128 766 3174 Germania
784 3128 944 3174 delitescentes

88 3211 164 3269 habel,
182 3217 274 3270 accepta
291 3211 372 3270 retulit,
391 3212 451 3258 scire
469 3221 524 3254 sane
541 3208 622 3267 debuit,
639 3222 665 3254 ea
677 3210 703 3255 ab
721 3210 764 3255 illis
783 3212 806 3258 in
817 3224 881 3257 nsum
897 3210 945 3270 pri-
