1979 3399
392 110 435 139 ’-
474 101 526 156 345
566 127 601 138 -·

74 249 205 306 exprompta
230 248 296 294 nimls
322 247 396 308 lepida
421 251 466 306 est,
494 259 559 306 quam
580 250 604 291 ut
626 244 715 291 silentio
739 255 789 289 eam
806 242 931 302 praeterire

75 328 200 386 possimus!
233 329 363 388 Exemplum
380 328 439 374 inlra
457 329 625 386 scriptumest:
728 320 729 323 '

185 392 275 469 ,Testes
291 424 366 456 sumus
382 422 533 468 eorumquae
550 409 645 453 vidimus
662 412 685 452 et
701 406 834 451 audirimus.
868 405 932 450 Infe-

166 492 295 537 licissimum
312 491 378 536 notris
394 495 445 547 est,
472 487 533 547 quod
552 487 680 546 llil-speratus
698 488 796 532 alcarius
814 487 930 547 generalis

168 573 193 617 in
210 572 313 616 onmibus
329 571 390 616 rotis
408 575 430 615 et
444 569 553 615 voluntari
571 568 741 613 Protestantium
759 573 781 612 et
797 568 932 612 Hermesia-

167 664 246 696 norum
264 650 410 697 obsecundat.
442 651 466 695 Si
477 647 588 707 parochus
599 663 689 693 causam
705 648 869 706 archiepiscopi
880 647 930 691 l'or-

167 732 219 775 titer
236 719 350 788 defendit,
374 735 411 775 aut
426 730 515 788 publice
537 741 578 786 pro
603 742 629 773 ea
647 730 669 773 in
693 728 791 773 ecclesia
815 733 928 787 precatur,

168 811 279 869 extemplo
298 813 335 856 illc
351 812 374 855 in
396 809 527 869 parochiam
547 808 646 852 dissitam
663 813 685 852 et
702 808 774 852 minus
792 809 930 853 linctuosam

166 889 315 947 transfertur,
341 890 394 935 licet
416 890 453 935 vel
469 889 549 934 decem
562 889 599 933 rel
614 889 693 948 uiginti
710 902 782 933 annos
798 888 931 947 parochiam

169 962 231 1015 suam
249 970 446 1015 administraverit.
489 970 519 1015 At
542 970 561 1013 si
578 969 626 1027 quis
649 969 716 1013 talem
741 968 932 1028 agendimodum

168 1049 294 1107 vituperat,
322 1051 341 1095 is
358 1049 418 1094 illico
436 1062 449 1093 a
465 1061 531 1093 sacro
555 1061 647 1093 munere
671 1061 764 1106 prorsus
783 1048 933 1107 suspenditur,

169 1129 229 1174 unde
245 1130 268 1174 fit
284 1135 307 1174 nt
324 1129 438 1175 dioecesis
455 1133 533 1174 nostra
546 1129 634 1187 optimis
652 1129 698 1173 suis
716 1128 843 1186 pastoribus
856 1128 934 1172 orbata

168 1209 203 1256 sit.
236 1209 312 1254 Plures
329 1209 453 1269 parochiae
470 1213 569 1267 vacant,
588 1214 625 1255 aut
642 1210 665 1255 in
681 1208 784 1254 manibus
801 1208 933 1254 Hermesta-

168 1296 249 1334 norum
265 1296 337 1335 strnt.“

136 1365 275 1416 Omiseram
291 1372 417 1428 veritatem,
434 1359 539 1416 miseram
558 1369 746 1426 arolridioecesin,
764 1370 799 1415 cui
814 1368 931 1426 acciderit,

73 1449 97 1492 ul
112 1447 234 1494 litterarum
251 1453 388 1496 commercio
406 1451 481 1494 cirtam
499 1447 713 1496 trasturnottssirnmn
728 1450 787 1494 inter
804 1455 826 1493 et
842 1448 932 1492 Parro-

26 1584 28 1586 .
72 1526 134 1571 adana
150 1531 362 1575 aestrunndrsimam
377 1531 522 1577 occasionem
538 1531 659 1590 praebeat!
692 1531 715 1577 si
732 1531 767 1575 vir
782 1530 824 1576 iste
836 1543 865 1575 ex
876 1528 930 1574 luna

75 1609 103 1653 de
121 1610 287 1656 archidioecesi
305 1613 435 1657 Coloniensi
456 1613 623 1669 renuntiasset,
647 1625 700 1657 num
727 1612 799 1671 magis
817 1610 874 1655 salsa
890 1606 946 1654 re-··

73 1691 177 1736 nuntiare
192 1693 309 1750 potuisset,
326 1695 391 1752 quam
409 1706 465 1751 quae
482 1694 592 1738 nuntiavit
607 1694 642 1738 vir
656 1693 855 1737 aestumatissimus
872 1689 932 1749 apud

73 1771 222 1818 Perronium‘l
253 1771 309 1818 lllira
333 1774 460 1820 aestimatio
487 1777 553 1833 quam
575 1775 624 1833 quis
642 1773 704 1819 falsis
720 1773 804 1818 nuntiis
824 1777 846 1817 et
865 1770 930 1816 calu-

73 1853 139 1898 mniis
155 1857 261 1910 meretur,
277 1854 328 1899 miri
343 1867 419 1900 mores
437 1856 494 1913 eius,
512 1855 600 1914 quipro
611 1853 735 1899 mendaciis
753 1852 931 1918 etrcbusprare

75 1931 169 1978 detortis
185 1935 337 1980 reverentiam
352 1935 467 1993 rependit!
500 1936 528 1981 Ut
544 1949 621 1980 verum
637 1935 732 1993 pretium
748 1933 801 1978 huic
817 1936 932 1977 aestuma-

74 2012 160 2058 tissimo
179 2011 313 2058 documento
332 1998 481 2073 assignemus,
499 2016 543 2060 iam
561 2014 650 2071 sufficit,
668 2015 687 2058 si
703 2013 827 2057 lectoribus
845 2012 930 2056 nostris

72 2093 97 2138 id
114 2106 181 2138 unum
198 2093 328 2151 dixerimus,
344 2094 404 2152 quod
415 2094 555 2153 amplissimis
565 2095 704 2140 documentis
713 2093 805 2153 probari
820 2094 843 2138 in
852 2107 931 2152 prom-

73 2179 111 2234 ptu
128 2180 170 2232 est,
186 2187 257 2236 usque
274 2175 302 2220 ad
318 2175 347 2220 ia
359 2178 465 2235 temporis
477 2178 619 2234 momentum,
636 2190 679 2236 qno
695 2178 739 2221 ista
756 2176 850 2235 epistola
867 2178 929 2220 scri-

73 2259 177 2315 praest,
199 2255 222 2299 in
246 2255 412 2301 archidioecesi
433 2257 579 2314 Coloniensi,
605 2271 661 2316 quae
677 2259 832 2316 septingentos
850 2257 931 2315 uiginti
979 2287 983 2296 ·

75 2336 172 2394 quinque
190 2335 303 2392 parochos
320 2334 457 2394 totidermpre
474 2337 522 2382 lere
536 2338 636 2382 vicarios
653 2338 729 2395 habet,
747 2351 816 2381 rantum
832 2342 933 2382 arratum-

75 2414 141 2461 modo
155 2414 305 2472 sacerdotem,
322 2429 349 2461 ac
361 2429 390 2460 ne
401 2417 524 2474 paroclrum
536 2418 633 2477 quidem,
646 2419 689 2465 scd
703 2419 841 2478 capellanum
853 2432 865 2463 a
877 2432 930 2463 mu-

75 2507 132 2540 nere
145 2508 276 2554 suspensum
293 2509 353 2542 esse.
391 2496 433 2542 Hic
449 2498 559 2544 sacerdos
576 2511 631 2545 sane
648 2505 754 2559 precatus
772 2505 821 2545 erat
835 2511 876 2558 pro
893 2512 933 2542 ar-

76 2575 235 2635 chiepiscopo,
260 2576 302 2621 sed
325 2590 375 2621 eam
393 2577 422 2620 ob
440 2591 532 2623 causam
548 2591 561 2621 a
578 2591 672 2623 munere
691 2591 732 2623 suo
749 2590 870 2636 suspensus
885 2589 934 2619 ocra

76 2660 116 2702 est.
149 2655 211 2701 Idem
229 2654 339 2701 sacerdos
356 2656 400 2700 iam
418 2657 488 2701 semel
496 2669 619 2714 suspensus
633 2662 687 2713 erat,
705 2662 824 2715 antequam
842 2656 933 2701 arehie-

74 2736 181 2796 piscopus
205 2746 234 2777 ex
256 2733 423 2780 archidioeoesi
444 2738 552 2783 abductus
578 2743 653 2793 esset,
679 2738 743 2795 isque
772 2752 846 2797 neque
872 2750 932 2781 nune

74 2829 150 2875 neque
168 2813 220 2861 olim
236 2813 263 2858 ob
278 2814 302 2859 td
320 2827 443 2873 suspensus
460 2824 502 2876 est,
518 2816 578 2877 quod
594 2818 668 2875 palam
684 2820 708 2863 in
720 2819 817 2863 ecclesia
833 2830 874 2878 prjo
893 2830 933 2862 ar-

76 2896 221 2955 chiepiscopo
238 2899 341 2953 precatus
359 2897 433 2944 esset!
461 2898 506 2944 Sed
516 2910 545 2942 ne
561 2896 598 2940 ille
615 2897 731 2954 sacerdos,
747 2898 849 2943 Perronii
862 2897 934 2945 cliens

77 2983 100 3025 et
116 2976 235 3031 soldurius,
253 2987 342 3034 semper
360 2975 434 3022 denuo
444 2977 626 3037 suspenderetur,
646 2991 734 3037 semper
744 2978 817 3024 denuo
836 2980 935 3025 abitus-

75 3059 144 3117 genio
162 3064 184 3102 et
199 3056 349 3103 Hermesianis
366 3063 494 3111 vexaretur,
510 3058 553 3100 iam
569 3057 589 3100 is
604 3071 731 3101 ancoram
752 3060 853 3116 (lucit,
868 3066 933 3118 atque

28 3154 30 3156 ’
76 3139 184 3185 Perronio
202 3138 275 3185 honos
292 3141 421 3183 reservatus
439 3143 480 3193 cst,
496 3141 519 3181 ut
534 3135 592 3180 hunc
610 3137 695 3182 Romae
714 3135 824 3186 aduersus
841 3140 931 3197 Hispe-

79 3219 140 3266 ar'nro
155 3218 282 3280 patrocinio
304 3230 345 3263 stro
373 3220 472 3276 tueatur,
494 3216 553 3263 hunc
576 3220 682 3278 tanquam
705 3225 825 3282 martyrem
849 3231 931 3266 causae
