1979 3399
86 203 174 255 Qtrodsi
196 216 280 249 censor
296 213 354 260 quae
373 199 462 245 aliunde
484 197 590 251 rescivit,
615 194 643 241 iis
659 196 766 241 iudicium
781 208 846 240 suum
862 194 945 239 innecti

85 283 184 341 patitur,
207 295 236 326 eo
253 284 302 339 ipso
320 278 408 336 prodit,
430 289 456 320 se
473 289 519 321 uon
536 276 643 321 idoneum
665 286 718 320 esse
738 274 886 332 exsequendo
902 273 946 318 nc'-

86 361 169 420 gotio⁷
191 360 259 420 quod,
281 360 329 402 sive
351 356 444 415 proprio
462 357 532 401 llarte
555 356 604 400 sire
627 354 717 401 aliunde
740 354 863 408 inuitatus,
880 355 904 398 in
919 365 946 398 ee

86 442 193 499 suscepit.
233 438 306 483 llantii
323 435 360 481 rel
376 437 457 482 Ficlitii
471 442 570 496 systema
586 440 647 481 state
663 448 734 503 posse
750 439 789 479 aut
806 446 853 478 non
868 446 945 492 posse,

84 519 108 565 id
124 532 237 577 riunquam
259 518 376 580 quisquam
397 518 528 574 attinuerit,
550 530 663 576 nuraquom
684 517 803 574 quisquam
825 514 876 559 aliis
891 526 946 572 per-

84 598 181 643 suadere
198 610 321 656 aggressus
343 602 396 653 est,
412 598 457 641 nisi
475 597 613 656 argumentis
632 610 661 640 ex
677 596 726 653 ipso
743 598 867 652 systemate
883 595 946 653 peti-

82 678 119 734 tis,
137 677 181 733 ita,
205 681 230 721 ut
244 676 327 736 placita
343 677 431 722 illorum
446 675 631 734 philosophorum
649 676 679 720 ad
694 674 758 735 leges
775 674 848 719 menti
863 672 946 718 herna-

83 770 128 801 nae
145 758 291 815 ingeneratas
307 769 393 815 easque
408 755 556 801 immutabiles
573 751 719 813 expenderet.
751 754 823 800 Nemo
840 766 898 798 uirus
916 753 946 798 ed

84 848 160 880 rnores
177 836 256 881 borum
271 833 456 894 pbilosophorum
472 835 618 892 provocavit,
644 847 689 893 quo
703 833 785 892 placita
801 846 880 879 eorum
896 834 946 878 sire

84 914 194 974 probaret
210 917 259 959 sire
275 915 411 974 repudiaret.
443 912 544 972 Raiilrael
555 913 652 959 Urbinas
669 913 689 958 si
706 914 763 958 mire
781 912 946 973 pulchritudine

83 995 245 1040 Innocentiamv
255 996 338 1053 pinxit,
354 1006 421 1039 nemo
438 992 604 1048 tarnenadlmo
615 992 675 1038 ritae
691 993 720 1038 ab
733 1004 762 1038 eo
776 1000 857 1053 gestae
873 995 946 1039 ratio-

84 1089 145 1133 nem,
160 1074 262 1133 qucnmis
278 1088 292 1119 a
309 1073 414 1134 virginali
432 1073 560 1132 integritate
576 1074 667 1119 multum
686 1074 837 1130 discessisset,
855 1075 879 1119 in
895 1088 946 1119 ine-

87 1154 148 1199 dium
162 1154 272 1213 protulit,
294 1159 318 1198 ut
333 1153 376 1198 bae
391 1166 484 1208 nomia,
504 1165 549 1212 quo
568 1155 640 1212 pretio
657 1153 716 1199 illius
733 1155 828 1217 artificia
841 1153 946 1199 habenda

86 1235 139 1291 sint,
157 1234 282 1279 diiudicare
304 1238 390 1292 posset.
431 1233 503 1277 Etiam
525 1233 636 1279 Hermesii
652 1239 751 1293 systema
767 1234 947 1293 philosophicum

87 1327 129 1374 per
146 1327 171 1360 se
189 1315 261 1373 ipsum
277 1319 316 1358 aut
330 1318 390 1358 stare
407 1319 445 1358 aut
463 1313 546 1358 cadere
563 1325 661 1360 neeesse
675 1318 721 1360 est:
737 1325 849 1373 personae
864 1314 947 1360 comti-

86 1396 118 1439 tio
136 1394 190 1438 nihil
214 1392 291 1437 valere
308 1398 382 1451 potest
400 1393 429 1437 ad
444 1392 497 1437 illud
514 1393 550 1437 vel
566 1394 747 1459 labefactandum
762 1393 799 1439 uel
814 1397 946 1439 sustentan-

85 1475 143 1520 dimi.
176 1473 268 1520 Accidit
284 1473 343 1518 >huic
367 1473 484 1531 systemati
505 1472 663 1531 philosophico
689 1474 749 1519 idem
765 1474 826 1532 qnod
842 1474 946 1518 eructibus

85 1555 160 1600 adbuc
178 1553 284 1600 accidere
296 1553 421 1599 consuevit.
453 1553 502 1598 Non
521 1554 616 1612 contigit
633 1554 662 1610 ei,
678 1558 702 1599 ut
717 1555 816 1598 enectum
831 1554 946 1599 bominum

85 1635 273 1694 eisprobationem
296 1633 339 1678 sibi
361 1632 499 1677 conciliaret.
531 1632 618 1678 Eodem
638 1633 745 1690 insule,
768 1634 806 1679 ubi
832 1635 854 1678 ia
873 1634 947 1678 lucem

85 1714 176 1773 prodiit,
192 1718 326 1760 metumest
337 1715 403 1759 etiam
419 1712 564 1759 adversarios
583 1701 645 1759 suos.
677 1715 745 1760 Pauci
763 1715 853 1773 quidem
869 1715 893 1760 in
910 1714 946 1760 liis

87 1795 185 1849 suerunt,
205 1794 241 1851 qui
256 1806 302 1836 coa
318 1793 479 1851 egrederentur
494 1793 552 1837 ultra
573 1794 630 1838 iusta
647 1793 810 1839 moderationis
828 1799 850 1838 et
866 1795 945 1840 sinee-

86 1887 127 1919 rae
142 1873 244 1918 veritatis
261 1873 376 1918 terminos.
407 1873 453 1919 Sed
469 1886 536 1917 nemo
555 1876 629 1917 tamen
645 1875 668 1917 iu
687 1874 791 1919 ominbus
808 1874 844 1918 bis
860 1874 945 1919 adrer-

88 1953 155 1998 sariis
170 1951 218 2007 brit,
233 1951 271 2009 qui
286 1950 353 1994 etiam
367 1963 496 2009 personam,
514 1952 583 1996 vitam
599 1956 620 1996 et
635 1965 711 1997 mores
722 1953 833 1999 Hennesii
848 1954 946 1999 inrede-

88 2036 130 2076 ret.
163 2030 212 2083 Quo
229 2028 319 2087 quidem
338 2029 362 2073 ia
376 2042 401 2073 re
417 2034 491 2074 utrum
506 2031 614 2074 interiore
629 2031 729 2087 ‘troodam
745 2033 802 2076 recti
818 2039 886 2091 atque
902 2033 946 2078 de-

33 2095 35 2098 *
87 2112 136 2157 cori
161 2123 230 2155 seusu
247 2109 308 2155 ducti
325 2110 424 2166 fuerint,
445 2123 474 2154 an
489 2110 608 2169 prudentia
626 2111 735 2169 quadam,
761 2113 843 2171 quippe
861 2113 946 2158 intelli-

87 2195 178 2250 gentes,
194 2190 245 2234 sore
253 2194 278 2234 ut
292 2189 365 2235 onmis
380 2190 475 2248 impetus
492 2191 520 2235 ab
538 2189 581 2235 hac
600 2196 662 2248 [rorte
679 2192 818 2249 retundatur,
835 2192 858 2238 id
874 2207 946 2252 quse-

89 2282 141 2314 rcre
163 2281 224 2312 niuno
245 2267 312 2311 nobis
333 2281 380 2312 non
405 2274 440 2313 est
454 2261 601 2327 propositum.
634 2271 693 2316 Satis
709 2277 744 2315 est
757 2272 945 2332 animaduertere,

92 2348 160 2393 etiam
176 2345 300 2391 acerrimos
316 2345 429 2390 Hermesii
444 2347 588 2392 adversanos
606 2360 653 2391 non
669 2352 778 2409 potuisse,
795 2354 848 2410 qrrin
863 2366 946 2412 persc-

90 2429 143 2471 nam
160 2427 207 2470 eius
226 2426 284 2469 iuste
296 2429 419 2483 pensarent
436 2424 540 2483 vitaeque
553 2426 702 2484 integritatem
713 2432 736 2475 in
748 2445 776 2477 eo
785 2440 946 2491 agnoscerent.

88 2505 139 2564 lpse
156 2505 185 2549 W
187 2504 370 2548 iruliselimannus
386 2503 431 2547 boe
447 2503 520 2561 palam
540 2516 629 2563 negare.
650 2521 716 2552 ausus
740 2522 786 2555 non
803 2518 853 2569 est,
878 2515 946 2559 immo

90 2598 151 2631 aiano
170 2581 230 2628 1896
249 2584 371 2641 impetrare
393 2594 407 2626 a
430 2594 456 2627 se
478 2594 524 2627 non
541 2586 624 2642 potuit,
640 2589 756 2645 quominus
772 2592 861 2650 publice
876 2594 947 2652 profi-

89 2671 190 2712 teretur:

183 2742 289 2802 „omnino
306 2753 358 2786 sese
376 2753 517 2800 agnoscere,
533 2739 671 2791 Hermesium
685 2747 839 2796 Professorem
855 2753 947 2799 sincero

184 2825 260 2869 eninm
285 2821 310 2867 id
329 2833 421 2880 opera-m
442 2821 510 2878 dare,
531 2827 556 2867 ut
574 2827 657 2871 veritas
677 2834 793 2876 erueretur
820 2837 843 2876 et
865 2832 948 2892 dogma

185 2903 320 2949 catholicum
336 2901 448 2961 integrum
463 2909 603 2949 servandum
614 2910 639 2960 ²).

100 3013 287 3025 -·““--·---

149 3071 167 3121 1)
183 3084 199 3107 v.
217 3073 299 3117 llinrna
309 3088 361 3126 quae
375 3074 520 3136 inscribuntur,
534 3077 584 3123 „der
596 3079 713 3129 Katholiltl‘,
728 3084 776 3122 sose.
788 3097 851 3127 triens.
866 3085 948 3124 Octobr.

175 3154 192 3177 a.
208 3141 264 3180 1826.
280 3146 372 3184 Additum
393 3149 425 3186 lv.
