1979 3399
378 62 582 113 -168-

52 201 107 260 ipsis
123 202 287 249 recentioribus
304 200 441 260 temporibus
458 201 481 246 in
493 201 620 247 civitatibus
631 201 717 260 imperii
727 202 840 249 Austriaci
855 204 907 250 uni-

52 285 172 331 versitates
195 284 300 329 conditae
324 287 346 327 et
368 284 471 329 omnihus
491 283 576 329 inrihus
597 282 766 343 privilegiisque
785 284 907 330 instructae

54 370 122 423 sunt,
149 379 223 424 neque
238 364 282 409 ulla
299 363 321 408 in
340 378 368 410 ea
383 379 410 411 11
425 365 543 425 permissio
562 365 599 410 vel
615 365 737 410 auctoritas
752 364 822 409 Roma
838 368 907 423 petita

54 451 89 491 est
110 451 137 501 ¹).
169 445 219 490 Hoc
238 458 294 491 sane
309 444 418 492 Perronio
434 446 511 505 licuit,
535 452 559 491 11
573 447 607 504 is,
633 459 676 505 qua
699 444 840 502 1111111111,
863 459 906 505 qua

53 526 121 571 homo
136 527 240 585 probus,
265 526 325 572 hanc
343 530 472 588 opinionem
492 530 629 591 argumentis
650 529 771 589 propositis
792 541 906 588 oppugna-

51 610 86 650 ret
97 633 136 663 -,
153 605 194 651 sed
212 606 278 651 animi
295 609 443 655 intentionem
454 623 539 666 eorum,
555 613 591 669 qui
607 612 629 656 in
644 612 679 656 his
695 611 764 656 rehns
775 610 839 656 aliter
851 623 906 655 son-

50 688 155 745 11111111
171 689 324 748 suspicionem
340 692 461 750 adducere,
476 692 520 738 hoc
537 692 725 752 sycophantarum
740 693 853 752 proprium
865 697 905 738 est.

115 770 160 817 Sed
179 772 245 836 etiam
256 773 321 820 haee
336 774 437 819 Perronii
454 776 552 820 narratio
569 774 626 820 falsa
644 779 685 822 est.
717 775 772 820 Nam
790 776 812 820 in
830 774 908 819 diver-

54 854 120 899 sitate
137 857 306 913 sententiarum,
324 870 380 915 quac
398 871 410 901 a
427 857 531 902 canonici
546 857 600 901 iuris
616 856 761 916 prudentibus
777 854 821 899 hac
839 854 866 900 de
881 867 907 899 11

52 937 183 995 propositae
202 942 259 994 sunt,
276 937 361 983 ordinis
377 937 500 998 theologici
516 937 659 997 professores
676 942 759 982 certam
775 935 907 986 sententiam

54 1030 101 1064 non
115 1019 323 1076 pronuntiaverunt.
353 1018 419 1072 Quod
436 1024 508 1063 autem
525 1018 553 1063 ad
568 1018 716 1075 Hennesium‚
735 1018 763 1062 de
780 1030 823 1077 quo
839 1031 907 1077 prae-

53 1100 118 1158 cipue
135 1099 214 1158 agitur⁷
232 1101 317 1157 attinet,
335 1113 414 1144 eumne
432 1099 506 1144 credis
522 1113 619 1158 unquam
634 1099 825 1158 pronuntiavissc‚
841 1099 907 1143 unius

55 1193 107 1225 esse
125 1180 196 1224 civilis
213 1181 331 1239 potestatis
341 1179 476 1238 concedere,
492 1185 516 1225 ut
533 1180 589 1226 ordo
606 1180 689 1240 gradus
705 1180 847 1226 academicos
863 1180 908 1224 im-

52 1261 153 1319 pertiat?
185 1260 267 1305 Verum
285 1262 344 1305 enim
360 1274 415 1307 vcro
433 1259 536 1319 equidem
552 1265 680 1306 monstrare
692 1275 796 1320 possum,
812 1261 908 1306 Herme-

57 1342 114 1385 sium
130 1340 302 1398 hocnunquam
318 1340 432 1397 docuisse,
447 1343 513 1386 immo
531 1341 649 1399 docuisse,
664 1341 811 1401 promovendi
827 1343 862 1387 ins
879 1342 907 1385 ah

54 1421 152 1467 ecclesIa
167 1422 281 1480 proficisci
298 1426 417 1480 oportere;
436 1422 496 1466 idem
514 1435 557 1481 ego
569 1422 617 1481 plus
636 1424 702 1467 etiam
712 1427 840 1468 monstrare
850 1434 907 1481 pos-

52 1516 115 1558 sum,
140 1505 219 1548 iterum
236 1508 361 1548 monstrare
380 1515 487 1561 1111111,
511 1508 651 1547 narratorem
673 1516 751 1548 rursus
774 1504 797 1548 in
812 1503 904 1562 negotio

53 1597 95 1629 suo
111 1582 258 1643 exsequendo
273 1583 358 1642 perfide
381 1588 402 1628 11
424 1584 550 1642 turpissime
568 1585 651 1644 egisse.
683 1585 739 1630 Nam
756 1584 779 1628 11
794 1597 905 1643 responso

53 1664 82 1725 de
97 1664 141 1709 hac
156 1665 206 1722 ipsa
223 1665 371 1722 (praestione,
399 1665 462 1709 cuins
484 1667 589 1723 responsi
611 1666 724 1710 narratori
744 1670 823 1710 nostro
840 1666 904 1724 copia

53 1745 103 1804 luit,
120 1746 251 1791 Hermesius
268 1746 327 1790 inter
345 1751 420 1790 cetera
437 1746 495 1792 haec
511 1747 603 1808 scribit:

143 1824 218 1884 „Ordo
229 1824 386 1885 theologorum
394 1825 554 1871 catholicorum
566 1840 628 1871 suum
640 1826 830 1885 promovendi-ius
843 1831 904 1871 11111

142 1907 209 1950 etiam
228 1919 240 1950 e
256 1905 333 1951 radice
351 1906 507 1952 ecclesiastica
529 1907 641 1952 deducere
658 1913 681 1953 nt
696 1908 767 1966 possit
789 1920 844 1966 opus
862 1912 904 1963 est,

145 1988 164 2032 si
182 1986 271 2044 quidem
290 1987 374 2045 gradus
392 1987 419 2031 ab
441 2002 469 2033 eo
494 2003 617 2035 concessos
639 1991 666 2035 ah
687 1991 785 2035 eeclesia
801 1991 823 2034 in
841 2003 905 2034 usum

145 2066 323 2136 ecclesiasticum
342 2067 479 2113 sufficientes
496 2071 590 2128 agnosci
605 2070 714 2116 volumus.
741 2073 797 2118 Nam
813 2085 906 2131 promo-

147 2149 179 2191 tio
203 2147 231 2191 ad
250 2147 349 2192 doctoris
372 2149 500 2210 theologiae
525 2151 654 2211 dignitatem
676 2158 699 2197 11
720 2166 761 2198 sua
782 2158 860 2197 natura
883 2157 906 2196 11

144 2228 219 2273 iudice
237 2228 361 2285 ecclesia2)
380 2242 468 2287 semper
484 2230 590 2275 solemnis
607 2238 643 2276 111
660 2232 781 2277 declaratio
802 2234 904 2291 corporis

146 2309 236 2368 publice
255 2310 396 2366 docentium,
418 2311 544 2355 Promotum
564 2325 615 2356 esse
640 2313 743 2357 eximium
766 2313 904 2373 theologum

142 2389 240 2454 ideoque
258 2394 331 2446 aptum
342 2402 393 2433 esse
409 2391 437 2433 ad
453 2404 546 2435 rmrnera
563 2397 585 2435 et
602 2392 729 2451 dignitates,
745 2394 768 2437 in
785 2395 864 2453 quihus
880 2402 903 2441 11

146 2469 225 2514 civitas
241 2473 264 2512 et
279 2468 375 2513 ccclesia
391 2468 494 2514 homines
508 2471 615 2529 requirat⁷
631 2473 668 2530 qui
683 2472 706 2517 in
721 2474 835 2535 theologia
853 2476 903 2523 aliis

146 2548 216 2594 duces
233 2554 256 2593 11
272 2554 376 2593 auctores
392 2562 444 2594 esse
459 2552 551 2608 possint.
585 2553 629 2598 Sed
646 2555 758 2613 quomodo
778 2557 801 2601 iu
818 2557 861 2602 hac
876 2571 902 2602 re

144 2629 224 2677 civitas
242 2630 278 2675 vel
304 2629 401 2675 ecclesia
422 2630 488 2675 tidem
509 2632 593 2678 hahere
614 2631 848 2695 posset-promotioni
873 2640 902 2684 ad

143 2709 272 2770 theologiae
288 2711 397 2770 gradum,
427 2712 446 2756 si
462 2724 542 2769 corpus
560 2714 674 2760 doctorum
692 2718 761 2772 [ordo
777 2718 901 2779 theologo-

141 2798 222 2849 rum),
247 2791 307 2836 unde
322 2792 341 2837 is
357 2791 442 2852 gradus
462 2793 625 2853 proficiscitur,
655 2799 738 2843 civitati
760 2799 901 2846 ecclesiaeve

129 2970 237 3008 demlarum
252 2971 319 3012 Germ.
336 2973 488 3011 catholicarum.
510 2974 581 3014 satist).
601 2978 650 3017 1795
669 2980 691 3017 in
706 2980 780 3017 Gramii
795 2981 899 3019 Thesauro

128 3046 176 3078 tom.
191 3043 216 3079 11.

50 3110 74 3161 δί
91 3110 111 3162 1)
126 3125 143 3148 u.
159 3114 243 3152 Kliiberl
259 3116 290 3154 Ius
307 3117 412 3167 pnblicnm
427 3117 530 3154 civitatum
545 3118 632 3158 foederis
648 3121 762 3158 Germanici
779 3122 793 3173 §⁴
809 3121 854 3159 502.

91 3182 112 3236 2)
128 3196 143 3222 r.
159 3184 218 3221 Cone.
232 3187 287 3227 Trid,
304 3188 328 3227 de
344 3190 427 3227 helorun
445 3189 495 3227 Sess
513 3189 570 3228 1111,
587 3205 601 3228 c.
617 3193 635 3231 2,
651 3199 670 3229 et
684 3193 733 3230 Sess.
750 3193 818 3230 XXIV.
837 3207 852 3229 c
867 3192 885 3230 8.
