1979 3399
402 57 604 108 *ceo-

73 196 128 242 nihil
145 197 285 254 affirmasse,
307 197 350 241 nisi
373 196 433 255 quod
458 196 525 242 certiS
541 195 692 241 fundamentis
708 195 834 255 niteretur,
854 204 928 245 tamen

76 272 177 325 nrinores
194 276 297 323 videntur
311 278 366 335 prae
381 278 409 323 iis
427 291 485 338 quae
502 276 529 323 de
546 279 594 337 ipsc
605 276 701 331 thesium
722 283 854 338 argumento
871 292 928 337 pro-¹

73 359 148 405 lessus
165 363 205 404 est.
236 356 357 416 Petronius
374 359 434 404 enim
450 360 495 405 hoc
512 358 623 406 allirmare
640 372 707 405 ausus
726 365 768 419 est,
785 359 930 405 eecdco'de-

72 439 232 499 cipiutithescs
247 439 303 485 nihil
318 440 427 486 cerenici
442 441 557 488 doctrinae
572 441 695 487 catholicoe
712 442 742 486 ire
751 440 845 499 siliquiis
860 438 929 484 rebus

72 517 247 578 conpositionem
267 521 496 579 qttttcsttlermcstcs
513 522 541 567 oh
557 537 586 568 eo
607 522 709 567 discedet
723 536 824 581 qecequc
839 522 928 566 decreto

74 602 178 661 Greqorii
194 601 413 662 Xthccscrtprce
437 606 487 650 sint.
524 605 587 650 Nunc
609 618 675 664 quam
698 618 813 652 enormem
834 608 929 650 senten-

73 686 126 730 tiam
141 679 310 746 'perscripserit
331 687 452 733 Perrcnius
472 699 556 747 quaeso
578 689 718 747 cognoscite.
755 687 833 747 Legite
855 685 929 732 Breve

76 767 181 827 Gregorii
197 767 263 827 XVI,
277 763 348 830 legite
363 767 440 816 theses
465 768 633 829 archiepiscopi¹
646 769 804 826 Coloniensis‚
826 773 849 814 et
873 780 929 814 sane

73 847 341 896 nesciatisstultitiamne
359 866 387 897 an
403 851 582 898 robustissimam
604 851 720 897 audaciam
738 850 839 896 Petronii
856 850 929 909 iringis

27 981 29 983 ,
75 931 193 977 miremini.
226 926 381 980 Haudduhie
404 928 429 976 id
447 932 559 978 minimum
575 936 622 990 cst,
639 930 700 991 qnod
716 930 745 976 de
760 930 868 976 Perconio
885 929 930 975 dici

75 1017 164 1071 potest,
187 1013 300 1059 accidisse
323 1013 346 1058 ei
367 1013 427 1058 idem
443 1012 503 1072 quod
521 1013 579 1071 illis,
601 1012 629 1057 cle
648 1011 727 1072 quihus
741 1012 844 1057 Clemens
860 1010 891 1055 XI
901 1010 932 1054 in

76 1095 144 1140 simili
162 1092 305 1153 eausadixih
322 1109 372 1140 cum
388 1095 462 1140 emisit
477 1095 656 1141 constitutionem
667 1094 802 1154 pastoralem
818 1105 839 1138 a.
858 1091 930 1143 1718:

75 1170 234 1234 supercecidit
243 1176 301 1235 ipriis
318 1176 463 1221 connectionis
480 1180 502 1222 at
515 1178 562 1222 111111
571 1176 682 1222 ciderunt
695 1176 769 1221 solem
781 1174 931 1220 lucidissimae

74 1256 185 1303 caritatis.
225 1255 309 1303 Nonne
336 1259 396 1303 enim
417 1259 438 1303 is
463 1271 618 1318 quameunque
637 1258 755 1305 veritatem
775 1258 871 1317 ignoret.
891 1261 932 1301 aut

74 1334 325 1397 p1·orsus'oecoeeatus
341 1339 371 1384 sit
385 1337 490 1398 oportet,
513 1341 549 1398 qui
565 1340 637 1400 palam
653 1339 798 1400 pronuntiare
814 1337 931 1394 sustineat,

73 1419 151 1466 theses
163 1419 333 1479 varchiepiscopi
350 1420 491 1467 Coloniensis
506 1422 561 1467 nihil
578 1431 710 1481 essequam
721 1420 837 1466 doetrinae
850 1418 930 1464 catho-

74 1500 133 1547 licae
158 1486 322 1561 expositionem
346 1502 370 1546 in
391 1502 419 1547 iis
445 1502 526 1560 rehum,
548 1492 657 1548 adversus
680 1516 734 1561 quas
754 1502 827 1547 Breve
852 1499 932 1559 papale

76 1582 182 1627 emissum
196 1582 245 1627 sit'l
263 1579 334 1626 'lmmo
351 1580 427 1627 theses
447 1583 514 1628 etiam
532 1584 655 1641 continent,
671 1596 764 1642 quornm
780 1581 839 1627 nulla
856 1582 932 1640 utique
953 1569 955 1572 ’

76 1661 160 1707 menthe
176 1663 200 1707 in
214 1662 282 1711 Brevi
298 1662 358 1708 lacta
374 1663 428 1721 est,
445 1661 560 1710 continent
581 1663 665 1722 etiam,
687 1665 715 1709 de
736 1663 816 1723 quihus
838 1661 893 1716 nihil
909 1662 933 1707 in

78 1742 141 1788 lihris
165 1742 277 1789 Hennesii
301 1745 407 1802 scriptum
425 1748 477 1803 est,
495 1744 577 1791 theses
595 1746 790 1791 etiumdoctrinas
808 1743 932 1800 continent,

79 1825 109 1870 eh
124 1837 183 1883 quas
200 1824 343 1870 Hermesiani
358 1824 433 1876 adhue
449 1838 478 1870 ne
490 1825 514 1870 in
525 1825 661 1872 levissimam
678 1828 767 1888 quiderm
782 1825 933 1884 suspicionem

79 1904 236 1950 incurreram
271 1904 419 1950 Nihilominus
442 1905 495 1951 hae*
508 1906 585 1954 theses
608 1907 663 1952 nihil
688 1907 809 1955 essenisi.
828 1910 933 1952 accurata
964 1896 966 1901 ⁴

79 1986 158 2032 Brevis
171 1985 256 2045 papalis
273 1987 383 2045 expositio
399 1986 528 2033 cl'erronio
539 1992 676 2034 asseruntur.
709 1988 734 2032 ln
748 2000 835 2044 merrus7
852 1987 936 2044 lecton.

81 2068 173 2126 suscipe
187 2067 278 2125 theses,
295 2067 369 2113 Breve
387 2072 436 2113 eum
451 2069 479 2114 iis
497 2081 610 2128 compara,
627 2074 649 2123 et
664 2069 707 2114 iam
722 2067 799 2128 paucis
815 2068 933 2112 momentis

79 2153 130 2208 post
147 2148 187 2193 tihi
201 2147 357 2207 persuaseris,
371 2148 392 2194 ¹ei
408 2149 461 2194 nihil
479 2149 531 2195 csse
546 2150 610 2207 veri⁷
625 2151 679 2195 nihil
695 2152 784 2207 sunctissp
796 2149 879 2194 nullum
896 2148 934 2193 dei

82 2236 172 2287 metum,
187 2229 269 2275 millam
287 2228 427 2289 religionem,
444 2232 481 2288 qui
499 2230 559 2284 dieat
570 2231 629 2290 quod
645 2232 776 2277 aPerronie
788 2231 935 2290 perscriptum

82 2324 134 2356 esse
145 2310 246 2371 legimus,
262 2315 285 2355 et
300 2310 365 2356 nullo
376 2312 474 2370 negotio>
485 2311 652 2371 videbisuopus
663 2325 715 2357 esse
728 2313 807 2356 mentis
821 2312 934 2356 oblivione

82 2393 119 2437 vel
138 2393 313 2448 oecoeentione‚
332 2392 417 2450 qualem
434 2381 545 2437 Pharaoni
562 2393 666 2437 iniectam
683 2405 735 2436 esse
753 2393 935 2449 accepimussut

83 2473 132 2531 quis
150 2472 181 2516 ita
198 2470 295 2527 scribat7
312 2470 496 2528 quemadmodum
512 2472 600 2529 scripsit
614 2471 740 2517 Petronius.
754 2473 756 2477 '
772 2470 849 2516 Prirnc
864 2471 937 2517 thesis.

82 2568 112 2598 ex
128 2553 195 2598 Brevi
210 2557 296 2611 sumpta
314 2557 354 2596 est.
387 2549 491 2597 Secundo
510 2551 599 2596 rtormisi
616 2566 645 2596 ec
660 2557 726 2610 porte
751 2559 836 2612 sumpta
856 2558 891 2597 est
906 2566 935 2597 ex

82 2633 156 2690 Brevi,
173 2632 242 2678 altera
260 2637 334 2678 autem
350 2632 398 2684 eins
412 2645 479 2690 pars,
503 2632 523 2676 si
541 2633 570 2678 ita
595 2633 729 2693 intelligatur
745 2640 768 2679 ut
783 2636 853 2679 verha
867 2647 936 2692 prae-

84 2713 168 2772 cipiunt
184 2742 215 2755 ,-
229 2713 273 2758 hec
291 2718 364 2758 utitem
379 2712 503 2760 seeundum
519 2712 653 2759 voluntatem
669 2715 832 2775 archiepiscopi
845 2716 867 2760 in
885 2715 935 2774 epi-

85 2792 139 2853 logo
160 2792 254 2839 thesium
276 2807 357 2839 severe
379 2793 527 2854 significatam
541 2794 590 2840 fieri
606 2795 673 2841 dehet
691 2825 720 2832 -
737 2796 842 2841 haeresin
856 2796 936 2854 inperc-

84 2880 127 2921 tem
143 2875 252 2921 conticet!
270 2875 345 2920 Tertio
361 2876 431 2921 thesis
454 2873 508 2919 inde
528 2887 573 2921 non
595 2875 761 2937 desumptaost
777 2890 936 2936 nequemqu-

85 2961 182 3002 mentum
199 2958 248 3002 eius
265 2956 309 3002 ullo
325 2956 393 3002 modo
409 2957 482 3002 Breve
499 2956 590 3015 attingit.
623 2957 711 3012 (licerio
728 2973 757 3003 ex
768 2958 833 3003 Brevi
850 2963 936 3016 sumpta

89 3043 131 3093 est,
146 3038 223 3094 qrvictc
238 3043 337 3096 nonest,
356 3043 377 3083 et
393 3040 484 3096 insuper
497 3040 572 3093 aperte
584 3038 659 3083 nititur
672 3039 826 3084 condenmatis
839 3037 936 3084 Lamen-

88 3118 141 3164 neei
157 3119 250 3177 placitis
268 3122 331 3165 euius
346 3125 482 3180 praecepta,
498 3130 554 3162 eum
577 3133 618 3178 pro
637 3120 690 3165 sulci
716 3120 816 3179 spmholo
838 3118 945 3195 nondum‘

86 3202 165 3259 aperte
181 3201 275 3258 proponi
287 3201 418 3260 potuissem,
435 3199 471 3245 hic
486 3197 597 3246 indirecte
613 3201 748 3247 sanciuntur.
782 3199 877 3246 Ournino
894 3200 937 3248 hac
