1979 3399
387 59 570 130 &bl-

53 195 156 254 suggerit
173 206 220 240 non
245 195 301 241 ctam
323 200 458 242 arcesseret.
491 194 535 243 Sed
559 195 619 254 quod
638 193 667 241 ad
684 194 744 240 hanc
760 193 916 254 quaestionem

53 276 147 342 attinet⁷
169 277 212 322 duo
230 276 389 336 theologorum
406 291 492 336 genera
516 277 675 339 distinguenda
692 280 752 322 suut.
784 275 856 321 Alteri
872 287 917 320 eo-

35 369 110 414 rum,
127 357 148 401 in
168 348 247 415 quibus
264 357 372 411 Seberus‚
390 359 489 414 llleeius,
507 359 553 415 alii,
571 364 647 418 aperte
666 357 828 418 pronuntiant,
845 357 918 402 Deum

55 451 107 483 esse
124 437 262 497 argumentis
278 437 371 495 probari
391 449 435 481 nec
458 449 526 495 posse
542 451 586 482 nec
602 439 695 497 deberi,
711 443 734 483 et
751 439 774 483 iu
791 449 833 482 eos
850 435 918 480 etiam

53 519 177 564 Perronius
198 522 290 577 pugnat..
329 517 402 577 Alteri
417 517 484 560 inscii
506 523 527 561 et
544 518 609 561 iae-iti
623 519 666 563 Dei
683 520 758 563 ideam
775 517 918 563 revelatione

55 604 172 657 acceptam
183 602 315 656 argumento
325 595 481 655 philosophico
493 597 619 641 admiscent
633 610 707 655 eoque
723 611 775 642 sese
790 598 833 655 ipsi
852 596 918 641 deci-

53 679 123 737 piunt.
156 678 182 722 ln
206 678 266 721 hanc
286 677 378 722 alteram
400 677 573 737 argumentandi
589 678 701 722 rationem
724 678 854 723 Hermesius
873 690 918 735 pu-

54 764 115 821 gnat.
149 746 195 805 Sed
220 757 265 802 hoc
291 750 445 817 ontologieum
464 762 634 817 argumentum,
650 758 712 817 quod
729 758 860 803 Hermesius
877 769 918 801 suo

54 840 127 886 blarte
142 839 192 883 siha
210 837 309 885 Stattleri
326 836 409 882 aurilio
428 837 554 896 impugnat,
569 850 632 882 mere
648 837 748 896 logicum
766 842 808 894 est,
827 841 851 882 ut
866 841 920 882 ante

56 919 161 975 diuitum,
179 931 223 962 nec
239 918 283 962 nisi
299 918 367 961 meris
379 916 438 961 ideis
457 917 611 973 (notionibus)
629 919 758 962 continetur
775 923 842 977 atque
860 930 919 962 con-

55 1001 135 1045 ficitur.
167 998 279 1042 Hennesii
298 1000 372 1041 autem
389 1002 545 1056 argumentum
562 1000 593 1060 ita
610 1003 762 1057 comparatum
780 1003 821 1053 est,
836 1003 919 1043 utnon

4 1077 6 1080 ’
57 1081 167 1125 consistat
194 1080 218 1122 iu
241 1079 309 1122 meris
336 1078 411 1135 ideis,
436 1079 482 1122 vim
503 1076 680 1143 uretaphysieam
698 1078 781 1135 habet,
799 1090 873 1136 neque
890 1078 933 1140 ad,

56 1161 122 1206 ideas
144 1164 229 1203 tantum
247 1158 288 1202 sed
314 1157 430 1215 adipsum
449 1143 705 1203 assistentioru'rerum
728 1161 832 1218 pertinet.
865 1159 920 1203 Inde

57 1241 169 1287 llerrnesii
187 1238 341 1297 metaphysica
363 1238 489 1282 llantianae
508 1239 634 1295 contraria,
657 1239 711 1288 inde
729 1240 777 1283 eius
795 1253 921 1298 argumen-

58 1327 103 1367 tum
126 1320 154 1363 ab
178 1318 294 1363 ordinibus
312 1330 386 1362 rerum
411 1317 544 1362 naturalium
560 1318 658 1376 petitum,
679 1333 745 1377 qutun
761 1318 855 1367 Kantiu's
872 1332 920 1363 non

58 1402 161 1456 haberet,
181 1411 224 1458 quo
238 1398 266 1442 ad
279 1398 350 1442 Deum
369 1397 426 1443 ultra
438 1410 512 1442 rerum
526 1398 618 1443 ordmes
629 1398 798 1456 perduceretur.
832 1398 919 1451 Quodsi

58 1472 196 1534 Hennesius,
217 1479 297 1522 iterum
318 1476 362 1521 hoc
380 1476 462 1521 dictum
484 1477 595 1534 volumus,
612 1478 697 1522 firmius
713 1479 859 1523 exsistentiae
877 1479 920 1523 Dei

59 1563 226 1620 argumentum,
244 1569 310 1614 quam
327 1560 362 1599 est
377 1561 533 1614 argumentum
549 1556 711 1615 outologIcum,
721 1557 812 1604 ,invenit
828 1562 866 1602 aut
881 1559 920 1601 in-

58 1640 149 1685 venisse
165 1637 209 1683 sibi
227 1635 324 1692 videtur,
341 1648 394 1679 num
411 1636 448 1694 qui
467 1636 495 1680 ob
512 1635 557 1681 hoc
573 1636 753 1694 reprehendatur
769 1637 850 1697 dignus
866 1638 922 1682 est?

59 1720 194 1777 Oppugueut
210 1719 365 1773 argumentum
383 1715 445 1770 etus,
469 1714 488 1758 si
513 1716 550 1773 qui
565 1720 660 1773 possunt
665 1749 675 1775 ,
694 1715 735 1761 sed
753 1717 824 1776 ipsum
841 1718 864 1762 in
880 1731 922 1763 su-

60 1800 185 1857 spicionem
202 1794 327 1850 adducere7
344 1793 368 1838 id
386 1794 476 1837 minime
492 1794 564 1838 decet.

123 1876 166 1923 Sed
185 1873 237 1932 quid
258 1873 349 1917 tandem
375 1870 402 1916 de
420 1872 523 1917 Perronii
543 1871 646 1918 doctriua
668 1874 704 1918 vel
727 1875 838 1932 probitate
855 1876 923 1921 animi

62 1955 245 2014 existimabinnrs,
265 1954 303 1996 ubi
321 1953 510 2011 cognoverimus,
528 1958 682 2011 argumentum
700 1954 854 2013 ontologlcum
871 1955 924 2014 plu-

62 2036 124 2080 ribus
142 2031 239 2077 saeculis
256 2034 306 2074 ante
323 2030 462 2074 llermesium
480 2036 630 2088 oppugnatum
643 2044 695 2078 esse
710 2038 733 2076 et
745 2035 867 2080 reiectuml
884 2036 924 2079 ubi

63 2112 245 2171 cognoverimus,
261 2109 289 2153 ab
305 2110 355 2166 ipso
371 2109 455 2153 'thoma
471 2109 584 2168 Aquinate
599 2109 643 2154 hoc
661 2117 814 2170 argumentum
831 2115 923 2172 saepius

63 2196 212 2252 oppugnatum
228 2186 294 2232 esse!
322 2188 456 2232 Conferatur
472 2189 521 2233 eius
536 2187 628 2242 Stemma
646 2188 748 2248 Theolop.
765 2190 782 2236 l.
803 2193 823 2237 1.
841 2193 883 2246 Qu.
901 2194 922 2239 2„

62 2272 111 2318 Art.
129 2273 148 2318 1.
176 2271 261 2316 Contra
277 2269 374 2313 Gerrtiles
389 2268 404 2313 l.
425 2269 444 2313 l.
463 2283 482 2313 c.
497 2269 534 2313 ll.
565 2270 637 2315 Nemo
653 2284 672 2320 s.
683 2272 790 2317 Thomam
807 2275 831 2318 in
849 2276 924 2333 suspi-

64 2351 153 2394 cionem
169 2349 261 2394 adduxit
275 2353 410 2407 propterea7
427 2348 487 2405 quod
504 2348 549 2393 hoc
567 2354 722 2408 argumentum
738 2352 832 2408 reiecit;
849 2366 924 2412 neque

63 2444 151 2476 rursum
168 2418 292 2489 Gregorius
309 2428 337 2474 de
351 2429 454 2474 Valentia
472 2428 555 2487 aliique
578 2429 609 2487 pii
635 2423 657 2474 et
673 2430 734 2475 docti
752 2432 795 2476 viri
811 2434 833 2477 iu
848 2436 926 2491 suspi-

65 2512 154 2555 cionem
172 2509 264 2554 adducti
281 2514 347 2565 suut,
372 2509 432 2568 quod
455 2513 477 2552 et
494 2509 536 2566 ipsi
553 2508 616 2566 plura
639 2516 771 2569 argumenta
787 2513 925 2571 reiecerunt,

66 2602 123 2648 quae
148 2603 166 2634 s.
189 2590 285 2634 Thomas
310 2588 339 2633 ad
362 2588 502 2647 probandam
526 2590 679 2634 exsistentiam
693 2592 736 2635 Dei
761 2599 919 2651 proposuerat.

65 2668 186 2713 Perronius
208 2673 269 2712 certe
296 2667 386 2725 quidem
409 2667 468 2712 scire
494 2660 591 2712 debebat
613 2652 640 2712 ea
660 2663 717 2728 iprae
735 2670 812 2716 docuit
826 2686 844 2717 s.
861 2673 924 2717 Tho-

66 2761 127 2804 mas3
146 2761 174 2793 eo
198 2748 271 2805 magis
290 2746 336 2790 hoc
356 2751 489 2805 exspectare
512 2760 645 2805 possumus,
669 2762 719 2793 cum
739 2751 787 2808 ipse
804 2752 826 2794 in
847 2751 924 2795 Proe-

67 2827 198 2873 lectiora'bus
226 2827 364 2884 Dopntoticis
387 2831 408 2885 ¹)
434 2829 561 2874 auctoritati
589 2842 608 2874 s.
633 2827 732 2874 Thomae
763 2835 847 2874 tantum
878 2831 921 2877 tri-

108 3024 126 3070 t)
143 3025 196 3068 „Vis
205 3020 322 3070 theologum
330 3019 427 3070 dixerim,
440 3024 546 3064 Petronius
561 3022 631 3060 scribit
644 3027 691 3058 tom.
706 3024 720 3057 l.
738 3034 757 3072 p.
765 3023 799 3059 lx.
814 3026 926 3074 praelatio.

145 3095 183 3138 nis,
196 3092 245 3143 „qui
261 3092 324 3140 ipsius
340 3091 368 3139 (S.
382 3092 481 3143 Thomae)
497 3105 567 3143 opera,
581 3104 677 3129 sunzmam
692 3095 810 3140 praesertim
826 3103 847 3133 et
860 3097 925 3135 libros

143 3172 217 3201 corrtra
238 3170 308 3213 gentes
327 3171 368 3197 non
391 3161 463 3211 legerit
482 3175 505 3199 ac
526 3161 689 3213 pervolutaverit,
712 3162 790 3202 Nostra
812 3167 924 3205 studiosum
