1979 3399
424 64 627 117 -178-

100 223 148 257 non
162 210 290 257 consultura
306 209 355 251 erat
370 203 437 251 sedes
453 203 554 249 Romana
578 217 628 249 enin
645 204 683 264 qui
699 203 786 251 loculus
802 209 835 251 est
852 205 880 250 de
902 203 905 208 ⁴

196 286 300 347 ,ingenio
318 285 444 344 suspicioso
461 287 576 345 tristique,
593 298 714 345 suppresso
739 292 762 331 et
775 287 854 332 callide
870 299 957 333 rursum

196 371 343 427 emergente,
369 369 506 428 temporibus
529 382 618 427 semper
637 367 758 414 serviendo
775 369 890 415 hominnm
907 369 959 415 ani-

196 462 246 496 mos
262 448 375 494 alliciente
389 455 411 495 et
420 454 584 510 corrumpente,
601 448 662 510 quod
672 449 709 496 hic
726 454 749 495 61
764 450 809 496 11116
824 463 865 510 per
881 452 962 504 eccle-¹

197 534 253 579 siam
269 533 393 579 Romanam
411 532 530 577 excitatum
546 530 600 588 sit“;

103 617 141 677 qni
157 617 249 662 summis
265 615 408 674 pontificibus
424 616 476 660 vitio
493 614 566 670 vertit,

196 697 272 758 „quod
287 711 334 743 rron
347 698 406 743 sacri
422 696 518 741 aedificii
528 694 634 740 custodes
649 693 739 751 fuerint,
756 691 798 739 sed
813 694 891 740 oculos
903 706 958 740 suos

198 779 228 825 ad
244 792 323 825 ornnes
340 778 399 824 coeli
416 777 495 838 plagas
514 777 629 833 verterint,
646 779 669 821 et
686 780 770 821 terram
785 773 830 820 late
845 780 959 834 patentem

197 861 310 920 multaque
333 860 475 920 pollicentem
500 857 580 917 cupido
598 857 705 918 adspectu
722 855 899 916 devoraverint,
922 857 960 916 qui

200 943 267 989 deum
282 942 344 987 obliti
360 943 404 987 sint
422 945 444 985 61
458 940 591 996 ctrrtstume,

106 1027 143 1085 qui
162 1024 190 1069 de
206 1039 265 1085 papa
282 1024 400 1070 Bonilacio
418 1024 466 1069 Vlll
482 1023 625 1083 promrntiat:

203 1106 277 1166 ,quod
295 1106 434 1151 Coelestinus
453 1106 481 1150 de
496 1105 534 1151 1116
550 1103 699 1163 praedixerit,
720 1103 850 1148 moribrrurn
869 1111 920 1145 esse
937 1102 961 1144 ui

203 1202 289 1246 carrena,
309 1188 333 1233 id
349 1188 380 1233 nd
394 1186 488 1231 cerhcnn
506 1188 648 1243 accidisset,

107 1269 190 1329 quique
209 1270 234 1314 in
252 1267 333 1314 eodem
348 1268 413 1326 libro,
432 1282 475 1327 qno
493 1267 551 1313 haec
567 1266 663 1326 scripsit,
679 1263 783 1324 affirmat,

201 1363 240 1409 ,se
266 1349 348 1394 nullam
371 1350 454 1394 lineam
470 1353 516 1394 tota
532 1348 619 1406 pictura
636 1347 773 1407 protulisse,
790 1345 819 1392 de
834 1357 878 1405 qua
893 1342 962 1390 animi

201 1433 235 1478 sui
251 1432 384 1477 sententiam
401 1436 452 1475 ante
465 1444 512 1475 non
529 1429 692 1490 exploraverit‘
708 1435 734 1487 ¹).

107 1510 178 1559 Sedes
197 1511 322 1572 apostoliea
337 1524 385 1557 non
401 1511 529 1556 consultura
545 1516 594 1556 erat
608 1510 729 1568 hominem,
747 1510 784 1569 qui
794 1508 902 1554 miracrda
912 1519 963 1552 ma-

106 1594 213 1654 gnetismi
235 1592 377 1652 amplissimis
401 1593 503 1639 laudibus
522 1593 674 1652 personabat,
699 1593 738 1652 qui
752 1591 860 1638 miracula
874 1589 963 1636 hlartini

107 1675 217 1721 lliclrelsii
228 1675 380 1734 praedicabat,
394 1675 431 1733 qui
440 1674 603 1734 philosophiam
613 1674 766 1734 Hegeliananr,
784 1673 885 1732 quamvis
896 1673 962 1733 paulo

108 1761 160 1801 ante
181 1756 347 1815 philosophiam
365 1756 455 1802 Diaboli
473 1770 522 1802 eam
541 1756 698 1816 designasset,
713 1760 830 1815 postquam
847 1756 896 1815 ipse
913 1755 963 1801 ele-

108 1842 207 1883 mentum
224 1836 357 1882 eatholicum
369 1836 493 1894 admiscuit,
509 1838 575 1882 turice
586 1850 664 1882 veram
673 1836 807 1896 celebrabat,
824 1839 862 1897 qui
875 1837 962 1883 doctri-

108 1933 160 1965 nam
177 1919 247 1977 patris
262 1918 375 1963 Venturae
391 1917 509 1976 laudabat,
526 1918 549 1963 in
566 1918 629 1964 cuius
648 1917 704 1964 cella
720 1923 806 1978 partem
820 1918 871 1964 libri
887 1918 963 1963 Poro-

108 2003 141 2046 les
169 2001 222 2045 d’urt
238 1999 338 2057 Cropunt
360 1998 466 2058 scriptam
492 2011 543 2045 esse
566 1998 660 2045 relatum
678 2004 724 2054 est,
742 2001 779 2060 qni
800 1999 829 2045 de
843 1998 961 2045 Hermesio

110 2081 236 2129 scribebat:
806 2093 808 2095 ·

201 2174 313 2221 ,causam
330 2176 373 2221 qua
383 2161 511 2207 Herrnesius
526 2161 667 2220 impediatur,
684 2163 802 2221 quominus
816 2175 894 2208 veram
910 2162 962 2221 plri-

202 2243 318 2303 losoplriae
339 2243 368 2288 ad
384 2242 522 2302 theologiam
535 2244 647 2288 rationem
662 2245 795 2302 perspiciat,
816 2245 961 2303 periculaque

203 2324 271 2367 evitet
288 2328 310 2367 et
325 2322 410 2368 fructus
432 2323 524 2378 afferat,
549 2325 586 2382 qni
608 2338 638 2369 ex
658 2324 695 2368 illa
711 2325 734 2368 in
750 2324 809 2368 hanc
831 2323 960 2369 redundare

133 2454 134 2457 Ἴ
201 2404 297 2460 possint,
315 2417 364 2447 eam
376 2416 435 2460 esse,
452 2405 512 2462 quod
524 2405 544 2449 is
555 2406 578 2448 in
590 2405 768 2463 philosophando
780 2403 871 2451 dimidia
885 2407 910 2451 in
924 2405 963 2450 via

204 2482 327 2528 substiterit
342 2495 416 2541 neque
438 2482 467 2526 ad
486 2495 542 2527 vere
564 2482 708 2541 dialecticam,
725 2488 748 2529 et
761 2485 834 2530 nrinus
850 2486 916 2531 etiam
933 2486 962 2532 ad

204 2562 367 2621 speculativum
383 2576 458 2608 rerum
474 2562 687 2611 considerandorum
703 2566 814 2613 rationem
832 2574 854 2613 et
869 2582 962 2629 scopum

203 2656 339 2705 progressus
357 2644 405 2689 611.α

111 2729 156 2777 Sed
171 2728 230 2773 hanc
248 2730 320 2788 ipsam
336 2726 446 2771 rationem
457 2724 595 2773 dialecticam
604 2733 626 2774 61
637 2728 802 2788 speculativam,
819 2743 884 2788 quam
894 2729 963 2775 Win-

113 2807 271 2853 dischmannus
279 2805 403 2865 praedicat,
413 2803 558 2849 reiiciendanr
567 2819 618 2852 esse
627 2809 712 2854 Romae
722 2810 857 2867 existimant,
866 2811 894 2855 oh
902 2810 962 2855 hanc

112 2891 183 2949 ipsam
198 2890 309 2934 rationem
327 2886 467 2931 dialecticam
479 2890 501 2930 et
513 2888 670 2944 spectdativam
679 2895 743 2948 pater
753 2891 850 2936 Ventura
862 2895 962 2937 remotus

113 2976 154 3027 est,
164 2969 192 3014 ob
203 2968 298 3033 eandem
309 2980 399 3012 causam
407 2978 475 3024 opera
483 2964 634 3026 llastroplrinii
641 2970 726 3015 Romae
733 2983 779 3015 non
788 2971 962 3030 conspiciuntur,

113 3089 331 3097 Μ

156 3151 176 3202 1)
192 3148 400 3190 v.Windischn1anni
420 3147 481 3184 [deae
501 3147 527 3184 ad
544 3148 647 3199 physicam
670 3172 695 3179 —-
711 3155 732 3187 61
745 3150 826 3188 Domini
840 3149 865 3188 de
880 3151 961 3201 Europa

191 3219 293 3256 indicium.
