1979 3399
393 91 594 144 —184-

66 239 105 299 qui
124 252 152 283 ea
167 239 204 283 via
220 251 284 296 quam
300 236 420 282 Perronius
442 239 560 297 ingressus
582 242 618 283 est
638 250 727 283 sacram
744 238 822 283 sedem
839 237 921 283 defen-

68 321 124 368 dere
143 325 257 366 conantur.
291 319 381 366 Minime
397 320 455 366 istud
472 321 568 380 quidem.
599 320 649 381 Ego
668 314 741 364 autem
758 321 792 365 sio
808 325 880 365 statuo
900 323 922 363 et

66 403 149 458 iudico,
163 414 230 445 unam
240 399 393 447 tantummodo
410 403 469 447 viam
487 415 547 459 esse,
566 414 609 461 qua
628 400 745 447 eorroiliari
761 408 854 461 possunt
871 416 922 447 cum

67 482 226 529 corastitutione
242 481 358 527 Benedicti
372 481 434 544 XW,
451 496 508 542 qliae
526 484 550 527 in
567 482 610 528 hac
626 496 695 528 causa
711 496 724 527 a
743 483 923 541 congregatione

65 576 84 610 s.
101 563 184 608 lndieis
201 567 252 608 acta
268 568 326 612 sunt.
372 564 435 619 Quae
458 570 532 609 autem
547 560 667 610 Perroniu's
685 568 706 609 et
722 565 760 623 qui
776 576 826 608 oum
842 576 869 607 eo
887 562 923 608 la-

67 646 129 690 oiunt
144 646 279 705 moliuntur,
295 659 323 691 ea
341 647 415 692 omnia
429 651 474 691 tani
493 645 575 691 liustra
593 651 671 700 erunt,
696 645 797 704 quamsi
814 644 862 703 quis
880 642 923 688 soli

66 726 179 788 fulgorem
197 729 285 787 eripere
302 728 361 774 velit.
403 728 450 774 Hae
471 728 508 773 via
525 727 586 774 sedis
615 728 752 787 apostolicae
776 739 845 771 causa
865 725 924 770 iuste

21 809 22 812 ’
68 815 91 856 et
105 824 216 870 prospere
240 811 331 856 delendi
353 816 435 871 potest,
458 811 552 861 crimina
574 816 647 856 autem
663 815 749 870 patrata
769 813 793 855 in
810 809 923 854 adiutores

69 895 158 941 cadunt.
191 894 257 952 Vide,
274 908 338 954 quam
353 897 411 940 viam
430 898 637 940 corrrmonstremus.

133 976 176 1030 Qui
191 977 220 1022 de
238 977 354 1022 Hennosio
380 975 573 1021 collabefaotando
597 974 660 1034 quasi
684 972 864 1029 coniuraverant,
879 984 924 1016 una

72 1062 152 1103 catena
168 1072 209 1117 per
225 1058 321 1103 mediam
338 1057 479 1103 Germaniam
495 1057 592 1102 connexi
609 1060 679 1101 erant.
721 1054 783 1100 Haec
800 1052 881 1097 Bonna
897 1066 926 1097 ex

71 1152 116 1184 nna
132 1144 195 1199 parte
211 1153 252 1199 per
270 1138 426 1197 Confluentes,
451 1138 595 1184 llonoebirnn
616 1150 687 1197 usque
708 1134 871 1192 Vindobonurn,
896 1135 924 1180 ab

72 1220 143 1266 altera
160 1227 223 1280 parte
238 1235 279 1280 per
292 1221 479 1278 Diisselrlcrpiurn
496 1222 524 1266 ad
534 1219 636 1265 Batneos
654 1224 676 1264 et
689 1217 771 1278 Belpos
788 1217 853 1263 (lucta
870 1222 925 1262 erat.

71 1302 97 1346 In
113 1302 206 1360 singulis
229 1301 264 1344 vel
285 1302 376 1347 urbibus
396 1303 432 1347 vel
454 1303 584 1362 regionibus
604 1315 661 1347 unus
684 1302 725 1347 fuit
741 1301 778 1345 vel
794 1300 862 1356 alter,
887 1297 924 1356 qui

72 1383 184 1428 Hermesii
200 1383 285 1427 llornae
308 1383 428 1429 accusandi
450 1386 564 1443 negotium
588 1388 672 1444 ageret.
705 1382 750 1429 Sed
768 1382 811 1426 lra'e
830 1380 927 1425 delatio-

69 1478 112 1510 nes
127 1469 189 1509 tanto
208 1476 321 1509 corasensu
337 1465 507 1523 exercebantur,
521 1471 568 1525 ,tam
582 1466 665 1510 acriter
682 1462 885 1518 contirnuabantnr,
903 1466 927 1505 ut

70 1544 156 1591 Romae
170 1549 302 1591 necessario
320 1546 349 1591 acl
367 1546 503 1592 credendum
513 1547 681 1605 inducerentur,
700 1545 727 1590 ab
736 1543 925 1590 Hermesianismo

71 1627 197 1686 perieulum
213 1629 338 1686 irnminere,
355 1643 384 1674 ne
399 1630 497 1675 eeclesia
515 1629 625 1674 catholica
642 1641 682 1686 per
690 1626 819 1672 Borussiam
839 1629 861 1668 et
876 1636 926 1667 ma-

72 1721 140 1767 gnam
155 1714 240 1767 partem
261 1710 393 1755 Germaniae
409 1724 456 1756 non
472 1710 609 1770 perduraret.
635 1710 720 1755 Rornae
735 1706 826 1752 rrorrnisi
843 1704 927 1749 elamor

72 1789 153 1837 lrorurn
171 1803 213 1835 sex
229 1796 342 1849 septemve
360 1776 483 1838 delatorum
508 1792 653 1848 audiebatur,
676 1795 699 1836 et
722 1794 807 1849 septem
823 1786 926 1832 homines

72 1869 126 1912 totis
143 1868 228 1914 viribus
245 1869 381 1917 clamitantes
398 1872 506 1917 maiorem
522 1871 636 1918 tumultum
651 1872 751 1917 excitant
767 1881 831 1928 quam
842 1872 927 1925 septem

73 1949 187 1995 milliones
204 1955 313 1996 tacentes.
337 1951 450 1997 Clamores
466 1956 531 2010 atque
549 1951 674 1998 cantilenae
690 1950 770 1995 horum
785 1952 868 2006 septenae
883 1946 926 1991 de-

74 2029 170 2078 latorum
195 2030 232 2078 illa
252 2031 303 2089 fere
328 2031 448 2079 corrtrnnnr‘s
467 2044 511 2090 per
527 2031 673 2080 Germaniam
689 2031 754 2094 fonto
777 2033 840 2087 erat,
864 2029 927 2073 cuius

73 2111 183 2157 adversus
199 2112 340 2160 Hermesium
355 2113 428 2160 Breve
446 2112 582 2160 mentionem
597 2112 666 2169 lacit,
683 2124 770 2171 quaque
785 2110 857 2169 ipsum
873 2109 927 2156 niti-

73 2195 116 2238 tur.
148 2190 288 2237 Hermesium
304 2205 359 2240 vero
378 2193 414 2252 qni
438 2193 554 2243 audierant
575 2199 642 2256 atque
662 2192 828 2242 venerabantur
844 2191 868 2236 in
884 2188 928 2235 hac

75 2286 145 2317 causa
162 2272 217 2319 nihil
232 2274 275 2320 sibi
292 2273 402 2332 agendum
418 2279 533 2336 partarunt,
556 2279 602 2322 tuin
619 2273 680 2334 qnod
695 2274 722 2319 iis
738 2276 829 2333 propter
845 2268 928 2318 causae

74 2351 200 2400 bonitatem
218 2357 240 2398 et
254 2352 405 2401 Romanorum
420 2354 560 2417 prudentiam
582 2354 666 2401 licebat
688 2365 740 2398 esse
760 2353 859 2409 securis,
882 2356 928 2397 tum

75 2431 137 2491 quod
152 2431 275 2480 litterarum
293 2434 450 2481 corrnnereiunr
472 2448 522 2482 curn
536 2435 591 2480 sede
605 2434 706 2483 Ronrana
723 2431 817 2477 civitatis
832 2430 928 2490 legibus

77 2525 133 2571 quas
152 2512 275 2559 adversarii
291 2515 354 2571 parvi
371 2514 490 2560 aestimare
506 2513 587 2574 solent,
604 2518 653 2561 erat
670 2514 817 2561 interdictum.

139 2590 201 2638 Solet
214 2592 278 2650 sonan
293 2593 382 2637 rraerrtlrt
396 2606 414 2640 s.
425 2594 561 2652 Augustinus
579 2595 631 2643 dicit
641 2599 674 2656 ¹];
690 2595 734 2642 boc
750 2595 818 2645 sedes
827 2595 928 2641 Romana

75 2676 180 2730 reputare
197 2671 274 2720 debuit
290 2685 383 2730 eamque
399 2673 458 2719 viani
473 2672 576 2732 ingredi,
603 2688 667 2733 quam
689 2677 712 2723 in
728 2677 837 2724 eiusmodi
854 2677 928 2721 causis

74 2754 189 2799 ecclesiae
207 2753 323 2813 praesules
338 2765 427 2810 semper
442 2753 539 2811 ingressi
555 2760 619 2814 sunt3
637 2757 765 2818 episcopos,
781 2771 874 2815 (prorum
890 2757 928 2800 in-

73 2837 171 2892 tererat,
187 2836 244 2884 adiri
261 2834 392 2881 debuerunt.
415 2833 460 2881 Sed
476 2838 519 2883 tam
536 2836 697 2897 circumspecte
721 2836 929 2883 Windisclnnanaus

73 2919 97 2960 et
116 2917 280 2962 comissationis
292 2913 544 2963 Windisclnnannianae
556 2916 637 2970 chorus
651 2922 752 2976 egerant,
766 2921 790 2961 ut
802 2917 930 2975 episcopua,

78 3008 171 3054 quornm
188 2996 234 3043 boo
250 2997 373 3055 intererat,
390 2999 412 3041 et
426 2994 489 3055 ipsos
503 2993 586 3042 Romae
610 2998 634 3043 in
653 2997 805 3060 suspicionem
822 2995 929 3058 ,adduce-1
