1979 3399
379 91 581 141 -ou-

189 232 352 290 semestri
370 231 522 284 hiberno
547 233 668 284 1837»
685 233 773 284 ’1838

349 320 474 366 Historiam
488 320 619 366 medicinae.
666 344 669 347 >

112 413 215 472 „Omissa
233 418 268 459 est
283 419 375 472 propter
391 414 500 459 infirmam
514 412 686 459 valetrrdinem.“
748 454 751 456 ,
773 468 775 471 ¹

80 544 83 547 ἦ
103 494 168 543 (idem
182 501 250 532 tannen
265 494 343 532 scholas
359 495 431 532 lrabuit
445 495 467 532 in
481 493 755 545 ordine-philosophorum.)

264 595 434 649 Semestri
453 596 583 648 aestivo
606 598 694 648 1838

109 682 285 741 Eum-rationem
301 683 404 729 'criticum
420 684 537 729 doctrinae
554 683 693 741 otoqrrctismi
709 666 846 730 trariruolium.

112 765 245 822 „Professor
261 765 475 812 illirrdischmanuus
490 765 619 811 valetudine
635 764 753 824 impeditus
769 765 846 825 legere
860 776 908 809 nou

49 845 140 905 potuita<

99 924 162 975 (idern
179 929 246 962 tumen
260 925 310 975 legit
324 924 345 961 in
360 924 432 963 ordine
446 923 631 977 philosophorum.)

111 1117 160 1162 Hae
177 1117 289 1163 lectiones
304 1124 357 1164 sunt
373 1132 457 1177 orienes,
475 1131 531 1178 quas
548 1116 764 1163 Windischmannus
779 1117 816 1164 his
830 1117 910 1163 decem

47 1199 113 1243 annis
135 1199 159 1242 in
177 1198 260 1243 ordine
278 1199 416 1245 ruadicoruru
436 1198 588 1254 annuntiavit3
613 1210 692 1243 omnes
709 1196 817 1254 publicae
837 1204 910 1256 erant,

49 1278 70 1323 h.
87 1292 107 1323 e.
124 1279 235 1325 eiusmodi
258 1292 314 1338 quas
335 1279 408 1338 protis
431 1280 495 1325 adire
519 1279 627 1326 studiosis
642 1278 738 1322 licebat!
762 1277 910 1323 Nihilominus

48 1359 262 1405 Wiudischmannus
277 1373 319 1419 per
331 1361 374 1405 hos
391 1361 469 1406 decem
486 1373 559 1406 annos
574 1360 612 1405 vix
628 1359 699 1404 semel
715 1358 750 1403 vel
767 1359 802 1403 his
818 1359 910 1417 praele-

51 1442 149 1486 ctionem
166 1442 189 1486 in
208 1443 288 1486 ordine
303 1441 449 1499 medicorum,
468 1443 504 1487 oui
518 1440 705 1501 quemadmodum
718 1439 811 1498 singulis
829 1453 909 1484 exem-

51 1521 92 1579 plis
106 1522 225 1578 probatum
242 1520 283 1578 est,
299 1521 379 1580 quovis
397 1522 501 1567 semestri
519 1522 591 1580 spatio
608 1527 698 1566 eentum
713 1525 735 1565 et
747 1521 909 1580 quinquaginta

51 1601 100 1645 lere
117 1601 223 1659 adscripti
241 1606 306 1646 erant
320 1600 423 1659 studIosi,
439 1601 552 1646 conficere
567 1602 654 1660 potuit!
678 1600 706 1645 Et
722 1600 812 1659 quidem
827 1602 872 1647 hoc
887 1602 911 1647 ei

51 1682 138 1740 inipso
157 1682 297 1726 medicorum
316 1681 410 1737 ordine,
428 1681 502 1726 idest
519 1682 542 1725 in
560 1694 588 1725 ea
603 1685 670 1738 arte,
686 1681 709 1725 in
726 1693 769 1739 qua
793 1683 856 1740 quasi
873 1688 911 1727 ta-

51 1761 196 1806 bernaculum
213 1763 275 1806 vitae
290 1774 346 1805 suae
365 1760 533 1819 collocaverat,
557 1761 647 1806 accidit.
675 1760 818 1821 Quid'igitur
844 1764 866 1807 ei
888 1764 911 1807 in

51 1842 132 1886 ordine
149 1842 333 1901 philosophorum
350 1842 463 1887 accidisse
484 1847 602 1902 putemus,
626 1855 692 1901 quum
716 1844 753 1888 ille
777 1844 800 1888 in
820 1842 863 1887 hac
885 1855 911 1887 re

51 1926 195 1981 praeceptum
212 1922 367 1966 verissimum:

147 2000 220 2055 (latona
237 2002 287 2059 quis
304 2002 369 2045 uoott
384 2005 462 2056 artem,
481 2000 504 2044 io
521 2000 565 2045 hoc
580 2014 606 2044 se
622 2002 748 2046 exorceat!

52 2093 99 2125 non
120 2081 251 2125 observavit
273 2080 315 2125 sed
331 2080 359 2124 ah
383 2079 476 2124 artificio
500 2092 541 2123 suo
565 2081 682 2125 recessit?
704 2081 731 2124 Et
752 2080 801 2137 quis
821 2081 912 2126 tandem

52 2161 75 2204 in
97 2160 237 2206 medicorum
256 2159 336 2204 ordine
353 2158 390 2204 ille
407 2157 552 2214 Hermastus,
568 2159 605 2203 illa
622 2160 766 2204 avis‘infelix
782 2144 840 2215 suitp
854 2173 911 2217 quae

53 2240 248 2286 Windischmanni
262 2252 353 2297 operam
366 2244 389 2283 et
399 2238 472 2283 studia
486 2239 508 2282 in
518 2251 545 2282 eo
555 2252 634 2298 campo
643 2239 690 2285 lere
701 2241 792 2285 omnino
805 2242 911 2287 evertit?!

116 2320 140 2365 ln
166 2320 266 2376 scholis,
290 2310 344 2377 quas
368 2318 396 2363 de
423 2317 565 2376 philosophia
591 2319 683 2377 habuit,
705 2319 914 2366 'Wi'ndischmanno

53 2402 123 2447 moris
140 2407 195 2459 erat,
209 2400 373 2461 philosophiam
395 2399 564 2445 Hermesianam
586 2400 660 2445 motis.
670 2401 837 2459 suspicionibus
854 2403 915 2449 ohli-

54 2497 97 2541 que
120 2485 273 2543 perstringere
290 2488 329 2527 aut
345 2482 412 2526 etiam
427 2481 500 2540 palam
517 2481 627 2526 lacerare.
659 2481 705 2527 Sed
722 2495 749 2526 ea
766 2482 840 2529 studia
855 2484 914 2530 adeo

55 2576 164 2609 successu
185 2563 307 2618 carebant,
335 2567 358 2606 ut
387 2562 425 2606 vix
449 2561 537 2619 publice
563 2561 802 2608 animadverterentur.
852 2565 914 2609 'lan-

55 2643 106 2688 dem
126 2655 186 2687 auno
208 2642 267 2686 1825
285 2641 502 2685 Wtudtschmamus
525 2654 607 2686 novum
634 2642 678 2686 sibi
695 2645 783 2701 aperuit
798 2644 852 2698 iter;
869 2656 913 2701 pu-

55 2722 114 2768 blica
135 2723 214 2768 diurna
238 2720 320 2765 aurolio
344 2722 441 2777 vocavit,
457 2720 640 2779 „Curltottcoqua‘
662 2721 771 2767 nefariam
796 2734 914 2766 commen-

56 2804 200 2849 tatiunculam
214 2801 306 2846 nomine
325 2801 429 2845 auctoris
451 2813 572 2860 suppresso
589 2800 696 2857 inseruit,
714 2815 756 2859 qua
771 2800 912 2848 Hermesiurn

56 2884 128 2940 palam
149 2882 313 2929 heterodoxiae
335 2873 465 2938 suspicione
489 2880 606 2927 onerabat.
646 2879 830 2937 Huncimpetum
846 2881 912 2927 clan-

58 2961 185 3020 destinum,
210 2976 254 3021 quo
278 2960 368 3006 inscitia
392 2958 524 3019 theologica
546 2965 568 3004 et
585 2971 674 3003 errores
690 2959 758 3016 ipsius
775 2959 911 3008 Wimlisch-

56 3044 131 3088 manni
150 3043 209 3087 male
231 3042 286 3087 tecti
303 3043 375 3096 erant,
395 3052 407 3083 a
426 3039 540 3085 Clemente
562 3040 663 3097 Augusto
687 3038 715 3083 de
737 3038 820 3103 Droste
841 3055 912 3102 egre.

57 3122 95 3179 gio
118 3124 192 3168 lamae
222 3122 383 3179 doctrinaeque
404 3120 516 3165 Hermesii
541 3118 644 3175 vindice,
671 3118 760 3164 fortiter
791 3135 914 3181 repressu-

57 3210 104 3245 rum
125 3202 176 3259 iri,.
195 3201 218 3246 id
240 3198 452 3247 Windischmamrus
477 3198 566 3242 minime
590 3202 768 3255 exspectaverat.
801 3204 836 3249 Ah
851 3205 911 3249 ller—
