1979 3399
375 67 577 118 -sdll—

54 223 80 255 ac
97 212 142 252 tum
169 219 224 253 sane
246 208 294 267 plus
314 209 508 269 deprehendemus
526 224 590 270 quam
608 209 666 255 illam
682 210 731 255 iure
748 207 910 268 reprehensam

53 289 203 348 ,luxuriem“,
218 303 283 349 (pram
299 290 547 343 Mamer-Constantius
562 293 586 337 in
602 291 703 351 epistolis
715 288 911 337 Windischmanni

53 369 207 430 deprehendit.
241 370 334 417 Omnes
349 385 405 417 vero
428 377 474 417 tum
498 371 610 417 Hermesii
635 372 783 418 calamitatem
800 371 911 417 victoriae

53 450 249 498 Windischmanni
268 456 417 511 anteponent,
435 457 457 496 et
472 464 533 496 noro
554 453 655 512 exemplo
671 453 788 510 videbunt,
804 451 911 511 optimum

53 532 152 592 putando
169 530 230 589 quod
249 536 284 576 est
298 534 448 583 rectissimum
467 531 496 576 ad
514 531 596 577 famam
613 538 635 578 et
651 547 728 579 reram
744 534 841 593 gloriam
856 547 912 593 per„

53 612 132 669 veniri,
143 624 194 656 non
213 616 286 656 autem
303 612 456 671 imperitorum
472 598 721 679 mentesohcaecando
738 619 760 660 et
782 614 856 662 bonos
873 616 911 662 vi-

54 705 94 738 ros
112 692 135 737 in
153 692 261 738 inuidiam
279 692 421 738 adducendo.

54 947 200 995 llermesz'us
220 952 406 996 instrumentum
428 947 512 994 ciuilis
536 945 704 995 Bonussornm
724 950 859 1007 potestatis
877 948 910 1004 od

82 1057 86 1063 -
113 1030 268 1076 evertendum
283 1028 425 1090 religionem
442 1028 598 1075 catholicam.
624 1054 653 1065 -.
675 1027 714 1074 De
735 1042 795 1074 voce
812 1033 910 1088 mopi-

113 1110 254 1156 stentnm
270 1107 469 1167 tufollthtle
486 1111 519 1155 tn
535 1106 699 1154 ecclesio.
718 1136 748 1142 —-
765 1108 803 1156 De
820 1107 911 1158 Breuis

112 1189 313 1251 promulgatione.

113 1337 220 1391 Quamvis
241 1337 318 1382 hostili
342 1336 452 1382 adversus
470 1350 496 1383 se
514 1338 588 1382 animo
606 1341 682 1382 essent
698 1335 810 1382 factiones
827 1337 908 1382 Phari-

49 1430 171 1475 saeorum,
187 1416 382 1475 Sadducaeorum,
398 1417 594 1474 Herodianorum,
609 1422 684 1461 tamen
702 1418 726 1461 in
742 1417 908 1476 redemptorem

48 1497 222 1556 oppugnandum
239 1502 261 1542 et
275 1497 454 1556 persequendum
474 1497 640 1556 conspirabant.
672 1497 697 1541 ld
715 1497 807 1542 efficere
828 1497 909 1542 stude-

47 1578 102 1623 hant
114 1583 138 1622 ut
148 1592 198 1622 eum
207 1580 411 1638 'interrogationum
427 1579 512 1636 laqueiS
526 1579 634 1622 irretitum
650 1582 761 1635 tenerent,
775 1579 806 1623 ita
822 1583 846 1621 ut
861 1579 908 1622 ini-

48 1658 119 1702 micus
135 1658 211 1716 populi
227 1657 312 1702 Iudaici
330 1663 367 1702 aut
382 1659 540 1716 imperatorum
550 1657 702 1702 Romanorum
719 1670 771 1702 csse
782 1659 907 1704 uideretur.

48 1738 153 1796 ,licetne
177 1738 308 1796 imperatori
333 1738 435 1783 Romano
460 1737 558 1797 vectigal
580 1737 702 1790 solrere‘.lt
729 1738 907 1797 interrogabant.

47 1819 70 1864 Si
88 1818 243 1876 respondisset
263 1817 336 1875 „haud
351 1818 432 1875 licen,
454 1831 495 1876 pro
521 1817 587 1863 hoste
603 1818 690 1876 imperii
708 1817 803 1862 Romani
819 1818 905 1864 delatus

47 1904 108 1943 esset
117 1914 124 1955 3
148 1884 341 1956 sirespoudis‘set
359 1897 453 1956 „licet⁴‘,
469 1897 607 1956 proditorem
623 1899 710 1956 patriae
727 1897 845 1956 religionis
864 1900 908 1944 de-

45 1978 210 2023 nuntiavissent
231 1983 254 2022 et
278 1979 389 2022 criminati
416 1983 498 2022 essent.
532 1979 556 2022 ln
572 1977 652 2022 eadem
670 1977 756 2022 lubrica
774 1976 904 2021 conditione

46 2057 174 2103 Hermesius
191 2060 323 2102 constitutus
341 2062 396 2102 erat.
431 2057 483 2101 Cum
500 2057 629 2100 Hermesius
648 2057 707 2100 civili
725 2056 821 2100 civitatis
837 2061 905 2113 pote-

47 2138 97 2181 stati
106 2137 230 2195 parendum
244 2150 296 2181 esse
307 2136 422 2194 praecipit,
438 2135 541 2193 proditor
556 2135 674 2193 religionis
692 2135 817 2178 catholicae
834 2148 906 2179 accu-

45 2220 106 2260 satur
112 2231 118 2271 ς
137 2230 187 2260 cum
204 2229 295 2261 eausam
311 2215 428 2274 religionis
445 2215 571 2267 catholicae
588 2219 669 2273 tuctur,
685 2214 788 2272 proditor
806 2216 903 2259 civitatis

46 2297 174 2342 arcessitur.
207 2296 275 2340 Prout
291 2294 397 2354 expedire
408 2294 480 2339 risum
492 2297 534 2351 est,
550 2292 596 2339 hoc
613 2298 651 2338 aut
667 2292 720 2337 illud
737 2294 792 2338 vitio
810 2294 832 2338 ei
849 2307 905 2338 ver-

46 2388 93 2420 sum
110 2382 152 2421 est.
186 2376 306 2420 Perconius
327 2387 368 2433 pro
389 2387 430 2418 suo
456 2377 514 2417 statu
532 2372 673 2418 Hermesium
693 2374 808 2418 inimicum
826 2373 905 2417 eccle-

46 2456 92 2499 siae
104 2455 230 2500 catholicae
245 2455 331 2500 inducit
350 2467 473 2513 eorumque
490 2452 596 2498 iudicium
613 2454 677 2512 sequi
686 2452 782 2510 ridetur,
795 2455 832 2513 qni
843 2453 904 2498 Her-

46 2537 139 2580 mesium
157 2548 197 2594 pro
213 2536 361 2581 instrumento
378 2536 450 2581 civilis
466 2535 615 2580 Borussorum
630 2535 748 2591 potcstatis
765 2533 793 2579 ad
809 2533 905 2592 religio-

45 2624 96 2660 nem
111 2614 246 2660 eatholicam
263 2614 409 2659 evertendam
425 2614 532 2659 habuere.

106 2695 222 2752 Nunquam
239 2693 365 2738 criminatio
384 2694 456 2752 magis
472 2694 559 2739 nelarie
569 2694 686 2751 magisque
703 2693 848 2741 fundamento
861 2697 905 2742 de-

45 2772 119 2818 stituta
134 2775 158 2819 in
182 2774 252 2818 uirum
275 2771 393 2817 honestum
408 2774 495 2831 prolata
514 2779 554 2831 est,
571 2787 636 2833 quam
650 2773 708 2819 haec
726 2779 761 2819 est
775 2775 818 2820 riri
834 2777 905 2821 inno-

45 2854 167 2899 centissimi
190 2854 227 2912 qui
246 2852 294 2897 dies
317 2866 344 2896 ao
362 2858 442 2898 noctes
459 2853 487 2898 de
502 2853 590 2898 honore
606 2852 718 2897 eeclesiae
734 2855 848 2913 cogitarit,
866 2859 904 2916 qui

45 2934 191 2991 tempestates
205 2946 273 2992 saepe
285 2945 326 2991 pro
348 2946 375 2977 ea
393 2934 475 2979 subivit
491 2940 514 2979 et
530 2947 580 2978 cum
595 2933 734 2991 gravissimis
750 2934 798 2980 eius
815 2935 903 2983 adrer-

45 3012 109 3056 sanis
129 3013 248 3058 dimicavit.
281 3012 304 3056 Si
321 3011 378 3056 ullus
399 3014 524 3058 mortalium
542 3013 703 3068 detrectasset,
727 3013 838 3061 eiusmodi
862 3019 901 3064 iu-

45 3093 188 3138 strumentmn
213 3106 265 3139 sese
291 3091 399 3149 tradere,
419 3094 549 3138 Hermesius
574 3097 635 3138 certe
659 3093 823 3142 detrectaturus
845 3106 902 3145 erat.

45 3167 203 3232 Qumneunqne
217 3172 388 3233 sugillationem,
406 3186 559 3233 quameunque
569 3172 757 3235 sollicitationem,
770 3180 818 3225 sive
832 3193 899 3239 aper-
