1979 3399
400 99 433 109 ”-
473 88 523 124 Xlll
562 98 597 106 -“

75 220 278 273 criminationes
291 231 318 273 et
329 218 537 290 diffamatioues5
558 220 658 291 quilius
673 218 741 270 nihil
752 216 927 271 officiturnisi

72 330 103 373 ut
122 320 217 374 caritas
235 321 351 374 violetur
372 330 398 372 et
416 320 514 372 veritas
532 321 652 373 tenebris
672 319 831 372 involvatur.
860 320 927 371 Eos-

72 418 135 472 dem
155 429 280 491 reputare
298 423 390 470 secum
407 420 542 488 iubemus,
562 431 663 490 quanta
673 421 753 490 culpa
762 437 838 470 suam
858 436 926 470 con-

70 520 210 571 scientiam
232 519 409 590 obstringant,
430 537 512 589 quam
530 520 725 572 contemnendi
745 519 819 591 apud
833 518 926 571 fratres

70 637 132 670 suos
153 627 339 688 compareant7
357 627 383 670 et
403 637 486 688 quam
506 628 630 688 apertum
649 619 717 671 latus
737 620 853 671 externis
872 620 924 691 ipsi

68 718 265 788 praebeam,
284 717 307 768 si
325 716 378 768 hac
395 718 438 768 via
458 717 488 768 in
507 716 650 787 nosipsos
670 717 797 768 invadere
817 737 924 788 nosque

69 817 142 887 ipsos
159 817 276 868 lacerare
296 816 418 868 animum
438 814 602 867 inducimus.
645 816 717 867 Voce
743 817 835 888 magni
854 817 924 870 illius

68 914 192 985 Apostoli
213 934 309 967 omues
327 933 454 986 rogamus
471 925 553 986 atque
564 915 737 967 obsecramus
749 916 778 967 in
790 917 923 969 Domino:

68 1015 147 1068 Idem
164 1018 298 1089 raptorio,
319 1015 433 1069 eandem
454 1018 596 1067 caritatem
617 1013 764 1082 habentes.
780 1018 924 1069 unom'mes

67 1114 200 1188 idipsum
221 1120 377 1178 sentientes²
397 1114 470 1168 nihil
486 1134 537 1187 per
548 1116 755 1175 contentionem,
774 1133 863 1189 nequo
872 1134 924 1187 per

67 1218 176 1282 inertem.
194 1215 323 1288 gloriam,
343 1215 393 1269 sed
412 1219 441 1267 ιή
461 1215 616 1269 hnmilitate
634 1218 792 1286 superiores
804 1214 860 1268 sibi·
879 1219 922 1268 ιή-

65 1300 155 1366 oi'eem
174 1312 353 1376 arbitrantes,
372 1332 428 1367 non
448 1332 518 1388 [μακε
536 1325 682 1378 recusent,
704 1315 810 1385 singoli
830 1319 922 1368 eonsi-

67 1411 210 1478 demotos,
228 1411 278 1464 scel
297 1430 342 1472 en,
363 1430 433 1485 quoe
452 1411 579 1464 oliorum.
618 1410 660 1463 Ad
679 1411 797 1482 Philipp.
819 1419 843 1467 2.

141 1506 261 1563 Treviris
276 1511 302 1563 d.
324 1514 359 1563 23
380 1529 416 1562 m.
437 1511 509 1580 Sept.
532 1507 611 1563 totu.

440 1609 586 1662 Vieariatus
605 1612 736 1680 generalis
756 1612 918 1682 capitularis.

522 1742 524 1751 .
583 1707 770 1762 Guntherf‘

138 1907 222 1975 Quod
237 1907 272 1959 ad
282 1910 435 1961 versionem
451 1910 538 1980 ipsam
551 1912 656 1979 attinet,
676 1930 733 1963 non
748 1930 835 1982 pauca
847 1932 918 1984 quae

63 2004 165 2056 adrem
180 2008 317 2076 pertinere
333 2006 496 2062 videbantur
513 2009 606 2061 addita
624 2020 695 2078 suntj
716 2013 851 2079 quaedam
873 2032 918 2064 ac-

63 2104 179 2154 curatius
197 2106 346 2173 proposita.
391 2106 491 2158 Auctor
505 2108 688 2176 Laocoorrtir‚
711 2129 797 2180 fliium
816 2112 916 2162 librum

63 2218 141 2252 sunm
162 2214 350 2272 componeret,
369 2224 426 2256 nou
445 2207 570 2257 Perronii
585 2206 803 2261 dissertationem
821 2211 917 2265 Italico

62 2299 203 2369 scriptam7
222 2299 271 2352 sed
288 2302 541 2373 interpretationem
565 2305 746 2360 Theodiscam
770 2321 796 2361 et
815 2312 844 2362 in
868 2330 918 2381 pa-

61 2398 131 2467 ginis
149 2398 293 2471 allegandis
313 2412 340 2453 et
356 2403 385 2454 in
398 2404 493 2456 ceteris
508 2408 633 2475 respexit.
671 2407 856 2460 Translatione
867 2410 917 2462 La-

62 2496 118 2546 tina
143 2496 195 2548 hac
215 2499 346 2569 absoluta,
362 2502 486 2554 Perronii
506 2503 657 2558 dissertatio
669 2505 698 2557 in
719 2525 814 2559 manus
832 2498 917 2560 inler-

62 2593 240 2660 pretisLatini
253 2600 328 2649 veuit
356 2599 496 2664 Quantum
509 2602 568 2654 lieri
581 2606 680 2674 potuit,
697 2608 820 2657 Perronii
835 2609 916 2659 verba

63 2706 125 2740 eum
143 2691 174 2740 iis
194 2711 263 2762 quae
284 2698 418 2768 interpres
434 2700 600 2753 Theodiseus
624 2702 701 2755 dedit
725 2705 820 2756 collata
844 2716 914 2760 sunt.

62 2788 150 2864 Semel
164 2799 270 2843 tantum
290 2796 419 2850 accidisse
429 2798 545 2869 videtur,
560 2811 591 2853 ut
604 2803 735 2855 Perronio
748 2804 813 2854 vitio
826 2815 915 2857 verte-

62 2898 136 2939 retur
147 2889 223 2959 quod
237 2891 391 2964 interpretis
400 2898 440 2949 sui
454 2900 532 2969 eulpa
547 2902 720 2951 commissum
728 2911 774 2952 est.
794 2904 916 2957 Pertinet

62 2986 117 3039 hoc
137 2988 172 3040 ad
191 2990 282 3041 locum
300 3012 328 3062 p.
340 2998 403 3065 1887
423 3017 478 3068 quo
500 3000 632 3069 interpres
651 3001 733 3051 verba
753 3001 798 3054 illa
817 3004 916 3056 Pervo-

63 3086 114 3137 nii:
137 3087 158 3139 il
176 3090 288 3141 criterio
304 3091 378 3145 della
396 3099 513 3167 ragione
533 3099 662 3148 teoretz‘on'
681 3116 696 3150 e
715 3099 789 3153 dello
800 3107 916 3174 ragione

60 3190 182 3255 pretione
201 3186 257 3241 die
289 3187 616 3266 Untersolreidaog
645 3195 707 3251 cler
736 3201 916 3255 theoreti-
