1979 3399
398 98 584 150 ..pp-

62 232 166 281 ‹lebeam
199 235 269 281 Huius
282 236 317 282 rei
333 234 445 293 turpitudo
463 235 507 279 iarn
525 249 538 280 a
555 234 634 294 gentili
654 233 761 292 horulae,
785 249 798 281 a
814 236 926 284 Cicerone

61 319 181 376 perspectu
199 322 242 363 est.
274 316 403 362 Hermesius
420 316 468 374 ipse
485 315 546 361 addit
559 321 594 373 ηε

125 397 173 456 ,hle
194 398 283 456 quidem
309 409 383 454 neque
399 398 479 442 mirum
502 397 595 443 babebit
614 409 689 457 neque
713 395 829 455 offendet,
851 399 926 458 siqui

63 477 145 524 dicturi
162 484 220 534 suut,
236 492 261 523 se
278 477 374 523 sciuisse
391 491 426 537 ea,
442 492 556 539 quae-ego
573 478 611 523 hic
630 477 804 537 explicaverim3
821 478 927 537 equidem

62 559 148 616 etipse
165 559 202 603 diu
220 559 283 616 sciri,
300 559 404 605 sednon
422 560 488 618 sciri,
504 574 540 605 me
557 560 638 605 sciret

96 663 99 668 ·
124 639 183 692 Quid
199 653 277 686 rursus
295 640 431 687 luculentius
445 654 496 687 esse
513 646 601 699 potest,
628 653 694 699 quarn
709 639 737 684 ab
753 639 871 685 Hermesio
888 639 926 685 hic

61 719 174 779 duplicem
192 723 310 767 scientiam
327 721 440 781 distingui,
457 720 573 779 vulgarem
591 725 616 764 ct
630 732 687 776 earn,
705 732 762 778 quae
783 719 812 764 ad
829 719 926 765 solidio-

48 800 95 863 ris
110 800 227 847 doctrinae
245 816 347 848 normam
363 784 488 861 ‘adprobari
504 802 582 859 possit.
621 800 678 845 brun
694 799 731 844 ille
748 801 866 846 scientiam
882 815 927 846 au-

63 882 139 939 quirit,
159 895 217 940 quae
235 884 285 926 aaz'
302 878 392 941 ἑξοχήν
404 881 498 927 scientia
517 880 651 940 appellatur,
669 881 792 939 ‘uulgarem
808 874 926 927 scientiam

62 962 154 1007 minime
168 963 263 1007 reiecit:
288 963 356 1007 immo
374 962 434 1007 hanc
450 963 539 1007 firmare
562 967 585 1007 et
611 962 639 1008 ab
661 961 745 1020 impetu
768 961 926 1021 philosophiae

62 1048 133 1087 tutam
149 1047 265 1101 praestare
281 1042 371 1088 studuit.
394 1044 450 1089 Nam
466 1043 560 1102 peritior
575 1042 612 1087 illa
630 1043 732 1099 seientia,
748 1043 776 1088 ad
793 1057 858 1103 quam
870 1058 927 1102 per-

64 1111 312 1183 scrutandoperuenit,
330 1123 396 1181 haec,
412 1127 436 1167 ut
452 1124 500 1181 ipse
516 1122 633 1182 professus
644 1128 694 1180 est,
713 1129 818 1182 rprautum
834 1123 863 1168 ad
881 1125 927 1169 ob-

62 1205 145 1249 iectum
164 1206 255 1260 attinet,
272 1217 322 1248 eum
337 1203 425 1262 uulgari
444 1204 555 1260 scientia,
573 1217 623 1248 eum
642 1204 737 1248 scientia
757 1217 827 1249 sanae
843 1205 926 1250 mentis

64 1284 185 1328 consentit.
220 1284 305 1342 Quippe
321 1283 358 1328 diu
375 1284 480 1339 sciverat,
498 1282 602 1328 sednon
619 1283 720 1341 sciebat,
737 1297 762 1328 se
780 1286 847 1329 scire.
877 1284 930 1329 lta--

62 1378 106 1422 que
123 1364 273 1421 Hermesius,
299 1369 418 1422 antequam
442 1363 471 1408 ad
486 1363 673 1422 perscrutandum
690 1376 715 1409 se
734 1365 880 1424 accingeret,
902 1369 926 1409 ut

63 1456 143 1489 onmes
159 1444 197 1487 alii
214 1443 280 1487 deum
297 1455 349 1487 esse
367 1442 475 1501 credidit,
499 1445 595 1487 anirnum
612 1444 759 1487 immortalem
777 1458 830 1488 esse
847 1444 926 1488 credi-

63 1523 102 1569 dit.
136 1524 182 1570 Sed
199 1523 258 1569 aliud
279 1528 319 1580 est,
337 1525 403 1569 deum
421 1538 473 1569 esse
492 1524 596 1581 credere,
614 1524 673 1568 aliud
689 1538 775 1581 rursus,
791 1525 857 1578 deum
873 1538 926 1570 esse

61 1605 93 1648 ita
110 1605 248 1663 argumentis
266 1604 430 1661 demonstrare,
446 1609 470 1648 ut
481 1604 642 1649 demonstratio
655 1617 684 1648 ex
700 1605 821 1650 severioris
839 1605 926 1650 doctri-

63 1697 108 1730 nae
124 1685 213 1743 legibus
231 1687 322 1729 ommno
338 1685 410 1738 iusta,
425 1684 514 1740 valida,
531 1684 645 1729 sullieieus
663 1686 698 1729 sit.
730 1684 776 1729 lam
793 1686 813 1729 si
829 1685 927 1730 Herme-

7 1801 14 1810 κ
64 1766 128 1822 sius,
151 1766 190 1809 ubi
207 1765 234 1809 de
254 1764 291 1808 dei
308 1764 426 1810 existentia
444 1765 547 1822 quaerit,
573 1764 683 1809 eiusmodi
711 1764 925 1811 demonstrationem

62 1846 193 1904 proposuit,
216 1859 274 1903 quae
290 1858 320 1890 ex
335 1845 405 1904 ipsius
422 1847 533 1891 sententia
549 1847 622 1905 magis
639 1845 758 1905 obstringit
774 1858 839 1902 quam
859 1851 925 1891 cete-

63 1940 120 1982 rae,
147 1938 200 1969 num
216 1929 337 1983 propterea
361 1926 384 1969 in
400 1926 599 1983 reprehensionem
616 1925 697 1970 cadit?
728 1925 785 1971 Num
803 1931 925 1985 propterea

65 2006 203 2063 scepticismi
221 2006 324 2050 accusari
339 2006 435 2063 potest?
466 2006 581 2064 Sceptieus
598 2005 620 2050 id
636 2007 743 2063 sequitur,
761 2011 785 2050 ut
803 2006 925 2051 dubitatio-

64 2099 107 2130 nes
126 2085 216 2142 excitet,
236 2085 367 2149 Hermesius
385 2086 409 2129 id
424 2087 491 2130 turice
507 2086 600 2141 studuit,
622 2091 646 2129 ut
671 2086 822 2132 dubitationes
840 2084 925 2144 dispel-

64 2166 128 2211 leret.
170 2165 198 2210 Et
221 2165 279 2210 hauc
303 2167 415 2210 rationem
436 2177 478 2223 per
499 2178 588 2209 omnem
615 2166 684 2211 vitam
704 2164 863 2210 honestissime
888 2169 925 2208 te-

64 2248 127 2303 nuit,
149 2252 193 2291 tuur
218 2247 278 2304 quod
303 2246 418 2304 adipsum
435 2250 479 2289 tuni
497 2245 556 2304 quod
573 2245 601 2289 ad
620 2245 748 2302 auditores,
775 2244 862 2289 futuros
884 2257 926 2288 re-

65 2327 159 2384 ligionis
176 2326 311 2384 uragistreS,
337 2326 451 2369 attinebat.
488 2325 530 2369 Ubi
556 2325 708 2369 dubitationes
731 2324 835 2383 protulit,
854 2337 882 2368 eo
900 2324 924 2369 id

67 2405 163 2451 consilio
181 2404 248 2460 lecit,
270 2409 294 2448 ut
319 2403 468 2448 dubitationes
494 2403 600 2459 dilueret,
623 2409 647 2448 ut
666 2405 690 2448 in
709 2404 847 2450 auditoribus
870 2417 924 2449 cer-

66 2489 112 2529 tam
135 2488 157 2527 ot
179 2483 264 2528 hrruam
288 2482 458 2540 persuasionem
478 2483 578 2525 ueritatis
599 2483 724 2529 catholicae
748 2486 866 2544 religionis
890 2484 926 2529 el-

66 2566 152 2612 hceret.
187 2563 293 2622 Corporis
309 2575 398 2607 venena
420 2566 443 2605 et
465 2561 558 2606 morbos
575 2563 656 2610 medici
675 2565 797 2622 (locentur,
818 2570 842 2610 ut
856 2577 925 2610 sanos

67 2661 80 2692 a
104 2644 189 2690 morbis
204 2648 308 2687 tueantur
330 2647 352 2685 et
373 2643 481 2700 aegrotos
502 2640 531 2684 ad
554 2643 672 2689 sanitatem
693 2646 804 2692 reducere
826 2646 925 2703 possint:

67 2727 191 2770 annnorum
207 2721 303 2767 medicis
326 2726 395 2765 status
415 2721 482 2765 animi
499 2726 522 2764 et
538 2723 610 2767 morbi
631 2724 839 2771 dissimulabantur!
869 2726 926 2771 Num

68 2806 208 2850 manifestior
224 2800 372 2861 repugnantia
389 2813 441 2845 esse
456 2805 547 2858 potest,
566 2806 587 2846 et
603 2815 677 2849 uorrne
696 2804 754 2849 haee
770 2805 855 2849 fruetus
872 2817 926 2850 suos

70 2897 126 2929 saue
142 2881 252 2929 dolendos
270 2880 331 2924 ferre
349 2879 407 2924 solet
421 2880 445 2923 in
462 2892 539 2923 eorum
560 2880 692 2928 clericorum
708 2884 808 2929 moribus
827 2889 849 2928 et
865 2886 926 2929 uitae

72 2963 190 3018 curriculo,
208 2964 245 3021 qui
255 2962 296 3006 has
311 2959 462 3005 dubitationes
475 2958 644 3006 declinaverunt
661 2963 726 3010 etad
743 2964 825 3009 nullam
842 2969 927 3009 certam

70 3042 240 3100 persuasionem
256 3037 432 3101 peruenerunt?

72 3147 269 3158 m———m

114 3195 133 3246 l)
148 3194 232 3231 praelat.
247 3195 357 3234 Intredurt.
373 3193 489 3247 philosoph.
505 3205 524 3242 p.
539 3193 591 3230 t'ttt
