<?xml version="1.0" encoding="UTF-8"?>
<!DOCTYPE html PUBLIC "-//W3C//DTD XHTML 1.0 Transitional//EN"
    "http://www.w3.org/TR/xhtml1/DTD/xhtml1-transitional.dtd">
<html xmlns="http://www.w3.org/1999/xhtml" xml:lang="en" lang="en">
 <head>
  <title>
</title>
<meta http-equiv="Content-Type" content="text/html;charset=utf-8" />
  <meta name='ocr-system' content='tesseract 3.04.00' />
  <meta name='ocr-capabilities' content='ocr_page ocr_carea ocr_par ocr_line ocrx_word'/>
</head>
<body>
  <div class='ocr_page' id='page_1' title='image "MN5163ucmf_1_0293.png"; bbox 0 0 1979 3399; ppageno 0'>
   <div class='ocr_carea' id='block_1_1' title="bbox 377 89 577 137">
    <p class='ocr_par' dir='ltr' id='par_1_1' title="bbox 377 89 577 137">
     <span class='ocr_line' id='line_1_1' title="bbox 377 89 577 137; baseline 0 0"><span class='ocrx_word' id='word_1_1' title='bbox 377 113 409 121; x_wconf 63' lang='grc'>»--</span> <span class='ocrx_word' id='word_1_2' title='bbox 451 89 502 137; x_wconf 73' lang='lat' dir='ltr'>em</span> <span class='ocrx_word' id='word_1_3' title='bbox 543 116 577 121; x_wconf 75' lang='lat'>-</span> 
     </span>
    </p>
   </div>
   <div class='ocr_carea' id='block_1_2' title="bbox 24 223 912 1557">
    <p class='ocr_par' dir='ltr' id='par_1_2' title="bbox 24 223 909 367">
     <span class='ocr_line' id='line_1_2' title="bbox 24 223 909 286; baseline 0 -16"><span class='ocrx_word' id='word_1_4' title='bbox 24 246 26 249; x_wconf 89' lang='grc'><em>·</em></span> <span class='ocrx_word' id='word_1_5' title='bbox 50 223 132 270; x_wconf 79' lang='lat' dir='ltr'>sufficit</span> <span class='ocrx_word' id='word_1_6' title='bbox 146 237 188 283; x_wconf 91' lang='lat' dir='ltr'>pro</span> <span class='ocrx_word' id='word_1_7' title='bbox 204 223 341 270; x_wconf 83' lang='lat' dir='ltr'>Bettormino</span> <span class='ocrx_word' id='word_1_8' title='bbox 356 225 467 271; x_wconf 82' lang='lat' dir='ltr'>Hermesii</span> <span class='ocrx_word' id='word_1_9' title='bbox 485 240 566 271; x_wconf 89' lang='lat' dir='ltr'>nomeu</span> <span class='ocrx_word' id='word_1_10' title='bbox 587 227 698 286; x_wconf 74' lang='lat' dir='ltr'><strong>posuisse,</strong></span> <span class='ocrx_word' id='word_1_11' title='bbox 715 230 738 270; x_wconf 93' lang='lat' dir='ltr'>ut</span> <span class='ocrx_word' id='word_1_12' title='bbox 754 225 819 270; x_wconf 77' lang='lat' dir='ltr'>liuius</span> <span class='ocrx_word' id='word_1_13' title='bbox 836 225 909 272; x_wconf 79' lang='lat' dir='ltr'>lusto-</span> 
     </span>
     <span class='ocr_line' id='line_1_3' title="bbox 50 305 510 367; baseline 0.004 -17"><span class='ocrx_word' id='word_1_14' title='bbox 50 306 106 350; x_wconf 83' lang='lat' dir='ltr'>riam</span> <span class='ocrx_word' id='word_1_15' title='bbox 125 305 147 349; x_wconf 92' lang='lat' dir='ltr'>iu</span> <span class='ocrx_word' id='word_1_16' title='bbox 163 305 335 352; x_wconf 86' lang='lat' dir='ltr'>Bellarruiniana</span> <span class='ocrx_word' id='word_1_17' title='bbox 351 320 510 367; x_wconf 82' lang='lat' dir='ltr'>agnoscamus.</span> 
     </span>
    </p>

    <p class='ocr_par' dir='ltr' id='par_1_3' title="bbox 49 384 912 1557">
     <span class='ocr_line' id='line_1_4' title="bbox 112 384 910 446; baseline 0.001 -18"><span class='ocrx_word' id='word_1_18' title='bbox 112 385 157 429; x_wconf 91' lang='lat' dir='ltr'>Sed</span> <span class='ocrx_word' id='word_1_19' title='bbox 173 386 217 430; x_wconf 89' lang='lat' dir='ltr'>hoe</span> <span class='ocrx_word' id='word_1_20' title='bbox 233 401 245 431; x_wconf 91' lang='lat' dir='ltr'>a</span> <span class='ocrx_word' id='word_1_21' title='bbox 261 388 327 432; x_wconf 92' lang='lat' dir='ltr'>nobis</span> <span class='ocrx_word' id='word_1_22' title='bbox 343 387 462 446; x_wconf 87' lang='lat' dir='ltr'>iurpetrare</span> <span class='ocrx_word' id='word_1_23' title='bbox 478 400 524 432; x_wconf 93' lang='lat' dir='ltr'>uon</span> <span class='ocrx_word' id='word_1_24' title='bbox 540 398 667 445; x_wconf 75' lang='lat' dir='ltr'>possumus,</span> <span class='ocrx_word' id='word_1_25' title='bbox 684 384 802 443; x_wconf 86' lang='lat' dir='ltr'>quomimrs</span> <span class='ocrx_word' id='word_1_26' title='bbox 819 385 843 429; x_wconf 94' lang='lat' dir='ltr'>in</span> <span class='ocrx_word' id='word_1_27' title='bbox 860 398 910 430; x_wconf 85' lang='lat' dir='ltr'>me-</span> 
     </span>
     <span class='ocr_line' id='line_1_5' title="bbox 50 462 911 524; baseline 0.001 -16"><span class='ocrx_word' id='word_1_28' title='bbox 50 462 143 522; x_wconf 90' lang='lat' dir='ltr'>moriam</span> <span class='ocrx_word' id='word_1_29' title='bbox 167 477 300 511; x_wconf 78' lang='lat' dir='ltr'><strong>revocemus</strong></span> <span class='ocrx_word' id='word_1_30' title='bbox 322 467 405 512; x_wconf 84' lang='lat' dir='ltr'>diurno</span> <span class='ocrx_word' id='word_1_31' title='bbox 427 467 464 512; x_wconf 88' lang='lat' dir='ltr'>itia</span> <span class='ocrx_word' id='word_1_32' title='bbox 481 466 604 522; x_wconf 68' lang='lat' dir='ltr'>historico,</span> <span class='ocrx_word' id='word_1_33' title='bbox 630 479 687 523; x_wconf 85' lang='lat' dir='ltr'>quae</span> <span class='ocrx_word' id='word_1_34' title='bbox 702 465 782 511; x_wconf 91' lang='lat' dir='ltr'>Leodii</span> <span class='ocrx_word' id='word_1_35' title='bbox 798 465 911 524; x_wconf 90' lang='lat' dir='ltr'>prodeunt</span> 
     </span>
     <span class='ocr_line' id='line_1_6' title="bbox 50 546 909 605; baseline 0.001 -18"><span class='ocrx_word' id='word_1_36' title='bbox 50 555 153 601; x_wconf 86' lang='lat' dir='ltr'>quaeque</span> <span class='ocrx_word' id='word_1_37' title='bbox 170 557 242 602; x_wconf 97' lang='lat' dir='ltr'>nuper</span> <span class='ocrx_word' id='word_1_38' title='bbox 263 559 276 590; x_wconf 86' lang='lat' dir='ltr'>a</span> <span class='ocrx_word' id='word_1_39' title='bbox 298 547 363 590; x_wconf 88' lang='lat' dir='ltr'>nobis</span> <span class='ocrx_word' id='word_1_40' title='bbox 383 546 566 605; x_wconf 83' lang='lat' dir='ltr'>postulaverunt,</span> <span class='ocrx_word' id='word_1_41' title='bbox 582 551 605 590; x_wconf 87' lang='lat' dir='ltr'>ut</span> <span class='ocrx_word' id='word_1_42' title='bbox 621 558 688 590; x_wconf 92' lang='lat' dir='ltr'>unum</span> <span class='ocrx_word' id='word_1_43' title='bbox 705 550 767 589; x_wconf 84' lang='lat' dir='ltr'>certe</span> <span class='ocrx_word' id='word_1_44' title='bbox 784 546 909 604; x_wconf 79' lang='lat' dir='ltr'>exemplum</span> 
     </span>
     <span class='ocr_line' id='line_1_7' title="bbox 50 623 906 683; baseline 0.001 -16"><span class='ocrx_word' id='word_1_45' title='bbox 50 623 199 680; x_wconf 80' lang='lat' dir='ltr'>afferrenum,</span> <span class='ocrx_word' id='word_1_46' title='bbox 224 637 267 682; x_wconf 86' lang='lat' dir='ltr'>quo</span> <span class='ocrx_word' id='word_1_47' title='bbox 289 627 438 683; x_wconf 78' lang='lat' dir='ltr'>probaretur,</span> <span class='ocrx_word' id='word_1_48' title='bbox 463 626 534 670; x_wconf 90' lang='lat' dir='ltr'>libros</span> <span class='ocrx_word' id='word_1_49' title='bbox 558 626 628 670; x_wconf 89' lang='lat' dir='ltr'>semel</span> <span class='ocrx_word' id='word_1_50' title='bbox 645 626 668 669; x_wconf 91' lang='lat' dir='ltr'>iu</span> <span class='ocrx_word' id='word_1_51' title='bbox 685 624 784 669; x_wconf 88' lang='lat' dir='ltr'>Indieem</span> <span class='ocrx_word' id='word_1_52' title='bbox 800 630 906 683; x_wconf 88' lang='lat' dir='ltr'>receptos</span> 
     </span>
     <span class='ocr_line' id='line_1_8' title="bbox 49 701 906 762; baseline 0 -15"><span class='ocrx_word' id='word_1_53' title='bbox 49 701 103 747; x_wconf 89' lang='lat' dir='ltr'>inde</span> <span class='ocrx_word' id='word_1_54' title='bbox 123 715 201 748; x_wconf 88' lang='lat' dir='ltr'>rursus</span> <span class='ocrx_word' id='word_1_55' title='bbox 226 709 350 761; x_wconf 85' lang='lat' dir='ltr'>expunctus</span> <span class='ocrx_word' id='word_1_56' title='bbox 373 717 432 750; x_wconf 89' lang='lat' dir='ltr'>esse.</span> <span class='ocrx_word' id='word_1_57' title='bbox 472 705 495 751; x_wconf 87' lang='lat' dir='ltr'>Si</span> <span class='ocrx_word' id='word_1_58' title='bbox 512 705 597 748; x_wconf 83' lang='lat' dir='ltr'>diurno</span> <span class='ocrx_word' id='word_1_59' title='bbox 611 702 735 761; x_wconf 71' lang='lat' dir='ltr'>historico,</span> <span class='ocrx_word' id='word_1_60' title='bbox 759 716 816 762; x_wconf 88' lang='lat' dir='ltr'>quae</span> <span class='ocrx_word' id='word_1_61' title='bbox 832 709 906 749; x_wconf 89' lang='lat' dir='ltr'>tamen</span> 
     </span>
     <span class='ocr_line' id='line_1_9' title="bbox 50 784 908 842; baseline 0.001 -15"><span class='ocrx_word' id='word_1_62' title='bbox 50 784 124 842; x_wconf 83' lang='lat' dir='ltr'>aliqua</span> <span class='ocrx_word' id='word_1_63' title='bbox 145 798 220 829; x_wconf 91' lang='lat' dir='ltr'>rerum</span> <span class='ocrx_word' id='word_1_64' title='bbox 237 785 316 830; x_wconf 85' lang='lat' dir='ltr'>notitia</span> <span class='ocrx_word' id='word_1_65' title='bbox 332 787 440 831; x_wconf 83' lang='lat' dir='ltr'>instructa</span> <span class='ocrx_word' id='word_1_66' title='bbox 456 798 508 830; x_wconf 89' lang='lat' dir='ltr'>esse</span> <span class='ocrx_word' id='word_1_67' title='bbox 525 785 630 839; x_wconf 83' lang='lat' dir='ltr'>debeant,</span> <span class='ocrx_word' id='word_1_68' title='bbox 646 796 696 826; x_wconf 91' lang='lat' dir='ltr'>eum</span> <span class='ocrx_word' id='word_1_69' title='bbox 712 784 739 827; x_wconf 93' lang='lat' dir='ltr'>ab</span> <span class='ocrx_word' id='word_1_70' title='bbox 757 784 851 828; x_wconf 84' lang='lat' dir='ltr'>historia</span> <span class='ocrx_word' id='word_1_71' title='bbox 863 796 908 828; x_wconf 84' lang='lat' dir='ltr'>uo-¹</span> 
     </span>
     <span class='ocr_line' id='line_1_10' title="bbox 50 862 908 924; baseline 0 -17"><span class='ocrx_word' id='word_1_72' title='bbox 50 877 102 908; x_wconf 89' lang='lat' dir='ltr'>men</span> <span class='ocrx_word' id='word_1_73' title='bbox 118 865 161 909; x_wconf 94' lang='lat' dir='ltr'>sibi</span> <span class='ocrx_word' id='word_1_74' title='bbox 176 865 277 922; x_wconf 74' lang='lat' dir='ltr'>fecerint,</span> <span class='ocrx_word' id='word_1_75' title='bbox 294 866 409 921; x_wconf 86' lang='lat' dir='ltr'>nesciunt,</span> <span class='ocrx_word' id='word_1_76' title='bbox 426 865 477 924; x_wconf 81' lang='lat' dir='ltr'>quid</span> <span class='ocrx_word' id='word_1_77' title='bbox 496 865 605 910; x_wconf 87' lang='lat' dir='ltr'>acciderit</span> <span class='ocrx_word' id='word_1_78' title='bbox 620 862 727 909; x_wconf 76' lang='lat' dir='ltr'>historiae</span> <span class='ocrx_word' id='word_1_79' title='bbox 740 864 908 909; x_wconf 86' lang='lat' dir='ltr'>ecclesiasticae</span> 
     </span>
     <span class='ocr_line' id='line_1_11' title="bbox 50 942 907 1004; baseline 0 -16"><span class='ocrx_word' id='word_1_80' title='bbox 50 942 178 988; x_wconf 69' lang='lat' dir='ltr'>Alexandri</span> <span class='ocrx_word' id='word_1_81' title='bbox 194 943 291 1002; x_wconf 82' lang='lat' dir='ltr'>Nutotis,</span> <span class='ocrx_word' id='word_1_82' title='bbox 308 946 369 1004; x_wconf 85' lang='lat' dir='ltr'>quod</span> <span class='ocrx_word' id='word_1_83' title='bbox 385 946 433 989; x_wconf 87' lang='lat' dir='ltr'>fere</span> <span class='ocrx_word' id='word_1_84' title='bbox 450 946 570 1002; x_wconf 80' lang='lat' dir='ltr'>unicuique</span> <span class='ocrx_word' id='word_1_85' title='bbox 584 948 722 1000; x_wconf 84' lang='lat' dir='ltr'>compertum</span> <span class='ocrx_word' id='word_1_86' title='bbox 738 948 778 1000; x_wconf 78' lang='lat' dir='ltr'>est,</span> <span class='ocrx_word' id='word_1_87' title='bbox 794 944 831 1001; x_wconf 85' lang='lat' dir='ltr'>qui</span> <span class='ocrx_word' id='word_1_88' title='bbox 848 956 907 1001; x_wconf 85' lang='lat' dir='ltr'>quo-</span> 
     </span>
     <span class='ocr_line' id='line_1_12' title="bbox 51 1021 910 1082; baseline 0.001 -16"><span class='ocrx_word' id='word_1_89' title='bbox 51 1021 171 1067; x_wconf 91' lang='lat' dir='ltr'>darnmodo</span> <span class='ocrx_word' id='word_1_90' title='bbox 188 1023 274 1067; x_wconf 89' lang='lat' dir='ltr'>litteras</span> <span class='ocrx_word' id='word_1_91' title='bbox 291 1022 433 1082; x_wconf 78' lang='lat' dir='ltr'>theologicas</span> <span class='ocrx_word' id='word_1_92' title='bbox 451 1023 566 1081; x_wconf 78' lang='lat' dir='ltr'><strong>inspexit,</strong></span> <span class='ocrx_word' id='word_1_93' title='bbox 584 1023 662 1067; x_wconf 93' lang='lat' dir='ltr'>mirum</span> <span class='ocrx_word' id='word_1_94' title='bbox 685 1035 731 1067; x_wconf 94' lang='lat' dir='ltr'>non</span> <span class='ocrx_word' id='word_1_95' title='bbox 758 1028 806 1079; x_wconf 80' lang='lat' dir='ltr'>est,</span> <span class='ocrx_word' id='word_1_96' title='bbox 830 1024 910 1069; x_wconf 84' lang='lat' dir='ltr'>cadem</span> 
     </span>
     <span class='ocr_line' id='line_1_13' title="bbox 51 1102 912 1160; baseline -0.001 -14"><span class='ocrx_word' id='word_1_97' title='bbox 51 1103 166 1160; x_wconf 72' lang='lat' dir='ltr'>ignorare,</span> <span class='ocrx_word' id='word_1_98' title='bbox 183 1114 240 1160; x_wconf 85' lang='lat' dir='ltr'>quac</span> <span class='ocrx_word' id='word_1_99' title='bbox 256 1102 318 1146; x_wconf 91' lang='lat' dir='ltr'>libris</span> <span class='ocrx_word' id='word_1_100' title='bbox 335 1102 464 1147; x_wconf 87' lang='lat' dir='ltr'>Bellarmini</span> <span class='ocrx_word' id='word_1_101' title='bbox 480 1104 605 1150; x_wconf 83' lang='lat' dir='ltr'>evenerint.</span> <span class='ocrx_word' id='word_1_102' title='bbox 629 1102 746 1159; x_wconf 81' lang='lat' dir='ltr'>Excerptis</span> <span class='ocrx_word' id='word_1_103' title='bbox 756 1102 824 1147; x_wconf 88' lang='lat' dir='ltr'>modo</span> <span class='ocrx_word' id='word_1_104' title='bbox 836 1108 912 1147; x_wconf 90' lang='lat' dir='ltr'>trans-</span> 
     </span>
     <span class='ocr_line' id='line_1_14' title="bbox 51 1180 912 1240; baseline 0 -15"><span class='ocrx_word' id='word_1_105' title='bbox 51 1181 140 1238; x_wconf 88' lang='lat' dir='ltr'>scriptis</span> <span class='ocrx_word' id='word_1_106' title='bbox 163 1181 257 1226; x_wconf 80' lang='lat' dir='ltr'><strong>fecimus</strong></span> <span class='ocrx_word' id='word_1_107' title='bbox 282 1182 342 1239; x_wconf 91' lang='lat' dir='ltr'>quod</span> <span class='ocrx_word' id='word_1_108' title='bbox 362 1182 531 1240; x_wconf 80' lang='lat' dir='ltr'>postulauerunt</span> <span class='ocrx_word' id='word_1_109' title='bbox 557 1182 636 1227; x_wconf 88' lang='lat' dir='ltr'>diurna</span> <span class='ocrx_word' id='word_1_110' title='bbox 659 1180 768 1226; x_wconf 86' lang='lat' dir='ltr'>historica</span> <span class='ocrx_word' id='word_1_111' title='bbox 798 1181 912 1226; x_wconf 90' lang='lat' dir='ltr'>Leodien-</span> 
     </span>
     <span class='ocr_line' id='line_1_15' title="bbox 51 1259 911 1320; baseline 0.001 -16"><span class='ocrx_word' id='word_1_112' title='bbox 51 1259 97 1315; x_wconf 75' lang='lat' dir='ltr'>sia,</span> <span class='ocrx_word' id='word_1_113' title='bbox 115 1261 253 1317; x_wconf 79' lang='lat' dir='ltr'>exemptum⁷</span> <span class='ocrx_word' id='word_1_114' title='bbox 276 1261 336 1320; x_wconf 81' lang='lat' dir='ltr'>qiiod</span> <span class='ocrx_word' id='word_1_115' title='bbox 357 1261 557 1318; x_wconf 73' lang='lat' dir='ltr'>desideraverunt,</span> <span class='ocrx_word' id='word_1_116' title='bbox 576 1261 685 1305; x_wconf 90' lang='lat' dir='ltr'>dedimus.</span> <span class='ocrx_word' id='word_1_117' title='bbox 717 1260 741 1306; x_wconf 87' lang='lat' dir='ltr'>Si</span> <span class='ocrx_word' id='word_1_118' title='bbox 759 1260 837 1305; x_wconf 89' lang='lat' dir='ltr'>diurna</span> <span class='ocrx_word' id='word_1_119' title='bbox 854 1261 911 1305; x_wconf 84' lang='lat' dir='ltr'>ultra</span> 
     </span>
     <span class='ocr_line' id='line_1_16' title="bbox 52 1336 908 1396; baseline 0.005 -17"><span class='ocrx_word' id='word_1_120' title='bbox 52 1336 145 1381; x_wconf 76' lang='lat' dir='ltr'>edoceri</span> <span class='ocrx_word' id='word_1_121' title='bbox 160 1351 185 1382; x_wconf 89' lang='lat' dir='ltr'>se</span> <span class='ocrx_word' id='word_1_122' title='bbox 198 1340 294 1396; x_wconf 71' lang='lat' dir='ltr'>cupiant,</span> <span class='ocrx_word' id='word_1_123' title='bbox 312 1338 429 1384; x_wconf 80' lang='lat' dir='ltr'>conferant</span> <span class='ocrx_word' id='word_1_124' title='bbox 445 1338 513 1382; x_wconf 89' lang='lat' dir='ltr'>modo</span> <span class='ocrx_word' id='word_1_125' title='bbox 529 1338 674 1383; x_wconf 86' lang='lat' dir='ltr'>novissimam</span> <span class='ocrx_word' id='word_1_126' title='bbox 686 1338 769 1384; x_wconf 87' lang='lat' dir='ltr'>Indicis</span> <span class='ocrx_word' id='word_1_127' title='bbox 786 1339 908 1385; x_wconf 77' lang='lat' dir='ltr'>editionem</span> 
     </span>
     <span class='ocr_line' id='line_1_17' title="bbox 52 1418 909 1477; baseline 0.006 -18"><span class='ocrx_word' id='word_1_128' title='bbox 52 1429 101 1461; x_wconf 93' lang='lat' dir='ltr'>cum</span> <span class='ocrx_word' id='word_1_129' title='bbox 118 1418 237 1474; x_wconf 87' lang='lat' dir='ltr'>prioribus.</span> <span class='ocrx_word' id='word_1_130' title='bbox 268 1418 293 1463; x_wconf 90' lang='lat' dir='ltr'>In</span> <span class='ocrx_word' id='word_1_131' title='bbox 310 1419 421 1477; x_wconf 91' lang='lat' dir='ltr'>prioribus</span> <span class='ocrx_word' id='word_1_132' title='bbox 440 1418 510 1462; x_wconf 90' lang='lat' dir='ltr'>libros</span> <span class='ocrx_word' id='word_1_133' title='bbox 528 1419 659 1475; x_wconf 78' lang='lat' dir='ltr'>invenient,</span> <span class='ocrx_word' id='word_1_134' title='bbox 677 1431 735 1476; x_wconf 86' lang='lat' dir='ltr'>quae</span> <span class='ocrx_word' id='word_1_135' title='bbox 752 1431 781 1462; x_wconf 78' lang='lat' dir='ltr'>ex</span> <span class='ocrx_word' id='word_1_136' title='bbox 796 1432 855 1463; x_wconf 86' lang='lat' dir='ltr'>nova</span> <span class='ocrx_word' id='word_1_137' title='bbox 872 1426 909 1464; x_wconf 90' lang='lat' dir='ltr'>ta-</span> 
     </span>
     <span class='ocr_line' id='line_1_18' title="bbox 52 1496 877 1557; baseline 0.007 -19"><span class='ocrx_word' id='word_1_138' title='bbox 52 1496 96 1539; x_wconf 87' lang='lat' dir='ltr'>cite</span> <span class='ocrx_word' id='word_1_139' title='bbox 114 1496 197 1541; x_wconf 88' lang='lat' dir='ltr'>omissa</span> <span class='ocrx_word' id='word_1_140' title='bbox 214 1503 271 1542; x_wconf 88' lang='lat' dir='ltr'>suut.</span> <span class='ocrx_word' id='word_1_141' title='bbox 303 1499 429 1557; x_wconf 83' lang='lat' dir='ltr'>Anquirant</span> <span class='ocrx_word' id='word_1_142' title='bbox 447 1499 546 1543; x_wconf 74' lang='lat' dir='ltr'>innova</span> <span class='ocrx_word' id='word_1_143' title='bbox 566 1498 630 1542; x_wconf 88' lang='lat' dir='ltr'>verbi</span> <span class='ocrx_word' id='word_1_144' title='bbox 645 1499 718 1556; x_wconf 82' lang='lat' dir='ltr'>gratia</span> <span class='ocrx_word' id='word_1_145' title='bbox 734 1497 777 1543; x_wconf 91' lang='lat' dir='ltr'>bos</span> <span class='ocrx_word' id='word_1_146' title='bbox 793 1498 877 1544; x_wconf 88' lang='lat' dir='ltr'>libros:</span> 
     </span>
    </p>
   </div>
   <div class='ocr_carea' id='block_1_3' title="bbox 69 1598 911 1895">
    <p class='ocr_par' dir='ltr' id='par_1_4' title="bbox 83 1598 698 1658">
     <span class='ocr_line' id='line_1_19' title="bbox 83 1598 698 1658; baseline 0.003 -15"><span class='ocrx_word' id='word_1_147' title='bbox 83 1598 192 1644; x_wconf 75' lang='lat' dir='ltr'>Nicotaus</span> <span class='ocrx_word' id='word_1_148' title='bbox 209 1601 349 1658; x_wconf 83' lang='lat' dir='ltr'>Coporuieus</span> <span class='ocrx_word' id='word_1_149' title='bbox 366 1602 393 1646; x_wconf 86' lang='lat' dir='ltr'>dc</span> <span class='ocrx_word' id='word_1_150' title='bbox 409 1601 586 1647; x_wconf 74' lang='lat' dir='ltr'>revolutionibus</span> <span class='ocrx_word' id='word_1_151' title='bbox 603 1599 698 1645; x_wconf 86' lang='lat' dir='ltr'>orbium.</span> 
     </span>
    </p>

    <p class='ocr_par' dir='ltr' id='par_1_5' title="bbox 69 1678 911 1895">
     <span class='ocr_line' id='line_1_20' title="bbox 69 1678 909 1739; baseline 0.001 -16"><span class='ocrx_word' id='word_1_152' title='bbox 69 1679 169 1723; x_wconf 66' lang='lat' dir='ltr'>Gotiteo</span> <span class='ocrx_word' id='word_1_153' title='bbox 188 1681 268 1724; x_wconf 84' lang='lat' dir='ltr'>Gutitei</span> <span class='ocrx_word' id='word_1_154' title='bbox 285 1680 373 1738; x_wconf 81' lang='lat' dir='ltr'>dietopo</span> <span class='ocrx_word' id='word_1_155' title='bbox 392 1681 448 1725; x_wconf 84' lang='lat' dir='ltr'>doce</span> <span class='ocrx_word' id='word_1_156' title='bbox 464 1681 501 1725; x_wconf 86' lang='lat' dir='ltr'>oei</span> <span class='ocrx_word' id='word_1_157' title='bbox 518 1682 633 1739; x_wconf 79' lang='lat' dir='ltr'>conpressi</span> <span class='ocrx_word' id='word_1_158' title='bbox 648 1682 671 1725; x_wconf 85' lang='lat' dir='ltr'>di</span> <span class='ocrx_word' id='word_1_159' title='bbox 694 1685 784 1739; x_wconf 76' lang='lat' dir='ltr'>pitottro</span> <span class='ocrx_word' id='word_1_160' title='bbox 801 1678 909 1725; x_wconf 84' lang='lat' dir='ltr'>Giornote</span> 
     </span>
     <span class='ocr_line' id='line_1_21' title="bbox 114 1758 911 1815; baseline 0.003 -14"><span class='ocrx_word' id='word_1_161' title='bbox 114 1771 140 1802; x_wconf 85' lang='lat' dir='ltr'>se</span> <span class='ocrx_word' id='word_1_162' title='bbox 154 1758 257 1802; x_wconf 85' lang='lat' dir='ltr'>discorre</span> <span class='ocrx_word' id='word_1_163' title='bbox 273 1772 345 1815; x_wconf 78' lang='lat' dir='ltr'>supro</span> <span class='ocrx_word' id='word_1_164' title='bbox 361 1759 370 1803; x_wconf 83' lang='lat' dir='ltr'>i</span> <span class='ocrx_word' id='word_1_165' title='bbox 389 1759 431 1804; x_wconf 79' lang='lat' dir='ltr'>ciue</span> <span class='ocrx_word' id='word_1_166' title='bbox 453 1760 554 1805; x_wconf 75' lang='lat' dir='ltr'>tritissimi</span> <span class='ocrx_word' id='word_1_167' title='bbox 572 1760 661 1806; x_wconf 85' lang='lat' dir='ltr'>Sistemi</span> <span class='ocrx_word' id='word_1_168' title='bbox 681 1760 716 1806; x_wconf 83' lang='lat' dir='ltr'>del</span> <span class='ocrx_word' id='word_1_169' title='bbox 737 1758 820 1804; x_wconf 76' lang='lat' dir='ltr'>dioride</span> <span class='ocrx_word' id='word_1_170' title='bbox 835 1758 911 1805; x_wconf 80' lang='lat' dir='ltr'>Prote-</span> 
     </span>
     <span class='ocr_line' id='line_1_22' title="bbox 120 1837 343 1895; baseline 0.009 -15"><span class='ocrx_word' id='word_1_171' title='bbox 120 1837 193 1882; x_wconf 83' lang='lat' dir='ltr'>mco&#39;eo</span> <span class='ocrx_word' id='word_1_172' title='bbox 211 1837 343 1895; x_wconf 84' lang='lat' dir='ltr'>Coperuico.</span> 
     </span>
    </p>
   </div>
   <div class='ocr_carea' id='block_1_4' title="bbox 53 1969 914 2736">
    <p class='ocr_par' dir='ltr' id='par_1_6' title="bbox 53 1969 914 2184">
     <span class='ocr_line' id='line_1_23' title="bbox 117 1969 912 2029; baseline 0.006 -16"><span class='ocrx_word' id='word_1_173' title='bbox 117 1969 164 2013; x_wconf 89' lang='lat' dir='ltr'>Hos</span> <span class='ocrx_word' id='word_1_174' title='bbox 183 1969 265 2013; x_wconf 82' lang='lat' dir='ltr'>frustra</span> <span class='ocrx_word' id='word_1_175' title='bbox 282 1973 391 2026; x_wconf 85' lang='lat' dir='ltr'>quaerent</span> <span class='ocrx_word' id='word_1_176' title='bbox 413 1969 435 2011; x_wconf 94' lang='lat' dir='ltr'>iu</span> <span class='ocrx_word' id='word_1_177' title='bbox 452 1981 511 2013; x_wconf 82' lang='lat' dir='ltr'>nora</span> <span class='ocrx_word' id='word_1_178' title='bbox 535 1972 636 2027; x_wconf 76' lang='lat' dir='ltr'>iprmntis</span> <span class='ocrx_word' id='word_1_179' title='bbox 659 1972 732 2029; x_wconf 84' lang='lat' dir='ltr'>posita</span> <span class='ocrx_word' id='word_1_180' title='bbox 749 1975 772 2018; x_wconf 90' lang='lat' dir='ltr'>in</span> <span class='ocrx_word' id='word_1_181' title='bbox 791 1973 912 2018; x_wconf 73' lang='lat' dir='ltr'>veteribus,</span> 
     </span>
     <span class='ocr_line' id='line_1_24' title="bbox 53 2046 914 2109; baseline 0.005 -17"><span class='ocrx_word' id='word_1_182' title='bbox 53 2048 109 2092; x_wconf 82' lang='lat' dir='ltr'>Num</span> <span class='ocrx_word' id='word_1_183' title='bbox 124 2047 191 2107; x_wconf 75' lang='lat' dir='ltr'>igitur</span> <span class='ocrx_word' id='word_1_184' title='bbox 206 2046 324 2104; x_wconf 81' lang='lat' dir='ltr'>quidquem</span> <span class='ocrx_word' id='word_1_185' title='bbox 337 2047 422 2101; x_wconf 70' lang='lat' dir='ltr'>attinet,</span> <span class='ocrx_word' id='word_1_186' title='bbox 439 2052 544 2103; x_wconf 75' lang='lat' dir='ltr'>spirantum</span> <span class='ocrx_word' id='word_1_187' title='bbox 559 2047 648 2105; x_wconf 83' lang='lat' dir='ltr'>(pridem</span> <span class='ocrx_word' id='word_1_188' title='bbox 665 2048 694 2092; x_wconf 88' lang='lat' dir='ltr'>ad</span> <span class='ocrx_word' id='word_1_189' title='bbox 712 2049 824 2109; x_wconf 72' lang='lat' dir='ltr'>effectum7</span> <span class='ocrx_word' id='word_1_190' title='bbox 841 2057 914 2096; x_wconf 86' lang='lat' dir='ltr'>utrum</span> 
     </span>
     <span class='ocr_line' id='line_1_25' title="bbox 54 2125 671 2184; baseline 0.002 -15"><span class='ocrx_word' id='word_1_191' title='bbox 54 2126 111 2171; x_wconf 87' lang='lat' dir='ltr'>liber</span> <span class='ocrx_word' id='word_1_192' title='bbox 127 2127 194 2170; x_wconf 83' lang='lat' dir='ltr'>tacite</span> <span class='ocrx_word' id='word_1_193' title='bbox 210 2139 239 2171; x_wconf 92' lang='lat' dir='ltr'>an</span> <span class='ocrx_word' id='word_1_194' title='bbox 255 2125 354 2171; x_wconf 84' lang='lat' dir='ltr'>disertior</span> <span class='ocrx_word' id='word_1_195' title='bbox 371 2138 401 2169; x_wconf 81' lang='lat' dir='ltr'>ex</span> <span class='ocrx_word' id='word_1_196' title='bbox 416 2125 493 2169; x_wconf 89' lang='lat' dir='ltr'>Indice</span> <span class='ocrx_word' id='word_1_197' title='bbox 510 2127 671 2184; x_wconf 81' lang='lat' dir='ltr'>expungatur?</span> 
     </span>
    </p>

    <p class='ocr_par' dir='ltr' id='par_1_7' title="bbox 54 2205 911 2736">
     <span class='ocr_line' id='line_1_26' title="bbox 116 2205 911 2261; baseline 0.004 -12"><span class='ocrx_word' id='word_1_198' title='bbox 116 2206 158 2250; x_wconf 92' lang='lat' dir='ltr'>Per</span> <span class='ocrx_word' id='word_1_199' title='bbox 176 2206 233 2250; x_wconf 90' lang='lat' dir='ltr'>baec</span> <span class='ocrx_word' id='word_1_200' title='bbox 250 2206 316 2250; x_wconf 90' lang='lat' dir='ltr'>etiam</span> <span class='ocrx_word' id='word_1_201' title='bbox 333 2205 361 2248; x_wconf 89' lang='lat' dir='ltr'>iis</span> <span class='ocrx_word' id='word_1_202' title='bbox 377 2216 510 2261; x_wconf 86' lang='lat' dir='ltr'>responsum</span> <span class='ocrx_word' id='word_1_203' title='bbox 527 2210 568 2259; x_wconf 83' lang='lat' dir='ltr'>est⁷</span> <span class='ocrx_word' id='word_1_204' title='bbox 585 2207 622 2261; x_wconf 85' lang='lat' dir='ltr'>qui</span> <span class='ocrx_word' id='word_1_205' title='bbox 639 2217 685 2249; x_wconf 92' lang='lat' dir='ltr'>nou</span> <span class='ocrx_word' id='word_1_206' title='bbox 707 2206 761 2249; x_wconf 87' lang='lat' dir='ltr'>satis</span> <span class='ocrx_word' id='word_1_207' title='bbox 777 2206 851 2251; x_wconf 87' lang='lat' dir='ltr'>edocti</span> <span class='ocrx_word' id='word_1_208' title='bbox 869 2222 911 2252; x_wconf 91' lang='lat' dir='ltr'>ec-</span> 
     </span>
     <span class='ocr_line' id='line_1_27' title="bbox 55 2282 911 2344; baseline 0.005 -17"><span class='ocrx_word' id='word_1_209' title='bbox 55 2284 140 2329; x_wconf 88' lang='lat' dir='ltr'>clesiae</span> <span class='ocrx_word' id='word_1_210' title='bbox 157 2286 308 2329; x_wconf 85' lang='lat' dir='ltr'>institutiones</span> <span class='ocrx_word' id='word_1_211' title='bbox 325 2282 499 2339; x_wconf 81' lang='lat' dir='ltr'>experimentum</span> <span class='ocrx_word' id='word_1_212' title='bbox 517 2296 603 2339; x_wconf 81' lang='lat' dir='ltr'>eorum,</span> <span class='ocrx_word' id='word_1_213' title='bbox 622 2284 659 2342; x_wconf 86' lang='lat' dir='ltr'>qui</span> <span class='ocrx_word' id='word_1_214' title='bbox 672 2283 783 2329; x_wconf 89' lang='lat' dir='ltr'>Hermesii</span> <span class='ocrx_word' id='word_1_215' title='bbox 799 2299 869 2344; x_wconf 89' lang='lat' dir='ltr'>opera</span> <span class='ocrx_word' id='word_1_216' title='bbox 882 2300 911 2332; x_wconf 84' lang='lat' dir='ltr'>ex</span> 
     </span>
     <span class='ocr_line' id='line_1_28' title="bbox 54 2361 911 2422; baseline 0.005 -16"><span class='ocrx_word' id='word_1_217' title='bbox 54 2363 132 2407; x_wconf 86' lang='lat' dir='ltr'>Indice</span> <span class='ocrx_word' id='word_1_218' title='bbox 153 2364 201 2408; x_wconf 87' lang='lat' dir='ltr'>tolti</span> <span class='ocrx_word' id='word_1_219' title='bbox 221 2376 311 2422; x_wconf 86' lang='lat' dir='ltr'>operam</span> <span class='ocrx_word' id='word_1_220' title='bbox 329 2361 452 2417; x_wconf 74' lang='lat' dir='ltr'>dederuut,</span> <span class='ocrx_word' id='word_1_221' title='bbox 478 2375 527 2405; x_wconf 90' lang='lat' dir='ltr'>cum</span> <span class='ocrx_word' id='word_1_222' title='bbox 552 2362 625 2419; x_wconf 82' lang='lat' dir='ltr'>aliqua</span> <span class='ocrx_word' id='word_1_223' title='bbox 647 2364 802 2408; x_wconf 71' lang='lat' dir='ltr'>misericordia</span> <span class='ocrx_word' id='word_1_224' title='bbox 822 2365 911 2411; x_wconf 90' lang='lat' dir='ltr'>derise-</span> 
     </span>
     <span class='ocr_line' id='line_1_29' title="bbox 54 2440 911 2504; baseline 0.005 -19"><span class='ocrx_word' id='word_1_225' title='bbox 54 2447 113 2486; x_wconf 91' lang='lat' dir='ltr'>runt.</span> <span class='ocrx_word' id='word_1_226' title='bbox 154 2442 252 2488; x_wconf 86' lang='lat' dir='ltr'>Historia</span> <span class='ocrx_word' id='word_1_227' title='bbox 269 2455 361 2501; x_wconf 91' lang='lat' dir='ltr'>operum</span> <span class='ocrx_word' id='word_1_228' title='bbox 378 2440 532 2486; x_wconf 80' lang='lat' dir='ltr'>biacehiaueiii</span> <span class='ocrx_word' id='word_1_229' title='bbox 556 2442 599 2486; x_wconf 88' lang='lat' dir='ltr'>alia</span> <span class='ocrx_word' id='word_1_230' title='bbox 620 2442 688 2487; x_wconf 86' lang='lat' dir='ltr'>etiam</span> <span class='ocrx_word' id='word_1_231' title='bbox 707 2443 808 2502; x_wconf 82' lang='lat' dir='ltr'>exempta</span> <span class='ocrx_word' id='word_1_232' title='bbox 826 2457 911 2504; x_wconf 89' lang='lat' dir='ltr'>suppe-</span> 
     </span>
     <span class='ocr_line' id='line_1_30' title="bbox 55 2521 910 2581; baseline 0.001 -15"><span class='ocrx_word' id='word_1_233' title='bbox 55 2523 126 2568; x_wconf 89' lang='lat' dir='ltr'>ditare</span> <span class='ocrx_word' id='word_1_234' title='bbox 142 2528 222 2581; x_wconf 87' lang='lat' dir='ltr'>potest.</span> <span class='ocrx_word' id='word_1_235' title='bbox 255 2522 357 2579; x_wconf 80' lang='lat' dir='ltr'>Denique</span> <span class='ocrx_word' id='word_1_236' title='bbox 375 2522 395 2565; x_wconf 93' lang='lat' dir='ltr'>si</span> <span class='ocrx_word' id='word_1_237' title='bbox 412 2529 526 2576; x_wconf 72' lang='lat' dir='ltr'>cautionum</span> <span class='ocrx_word' id='word_1_238' title='bbox 542 2521 600 2565; x_wconf 91' lang='lat' dir='ltr'>liber</span> <span class='ocrx_word' id='word_1_239' title='bbox 616 2522 695 2579; x_wconf 81' lang='lat' dir='ltr'>aliquis</span> <span class='ocrx_word' id='word_1_240' title='bbox 712 2536 741 2566; x_wconf 88' lang='lat' dir='ltr'>ex</span> <span class='ocrx_word' id='word_1_241' title='bbox 758 2522 834 2567; x_wconf 89' lang='lat' dir='ltr'>Indice</span> <span class='ocrx_word' id='word_1_242' title='bbox 850 2525 910 2567; x_wconf 88' lang='lat' dir='ltr'>iibe-</span> 
     </span>
     <span class='ocr_line' id='line_1_31' title="bbox 54 2598 909 2656; baseline 0 -10"><span class='ocrx_word' id='word_1_243' title='bbox 54 2606 115 2646; x_wconf 87' lang='lat' dir='ltr'>ratus</span> <span class='ocrx_word' id='word_1_244' title='bbox 130 2605 197 2656; x_wconf 80' lang='lat' dir='ltr'>esset,</span> <span class='ocrx_word' id='word_1_245' title='bbox 214 2612 243 2643; x_wconf 91' lang='lat' dir='ltr'>ne</span> <span class='ocrx_word' id='word_1_246' title='bbox 260 2604 305 2643; x_wconf 91' lang='lat' dir='ltr'>tum</span> <span class='ocrx_word' id='word_1_247' title='bbox 323 2598 411 2656; x_wconf 83' lang='lat' dir='ltr'>quidem</span> <span class='ocrx_word' id='word_1_248' title='bbox 422 2600 596 2655; x_wconf 83' lang='lat' dir='ltr'>experimentum</span> <span class='ocrx_word' id='word_1_249' title='bbox 613 2601 719 2645; x_wconf 92' lang='lat' dir='ltr'>librorum</span> <span class='ocrx_word' id='word_1_250' title='bbox 731 2602 841 2647; x_wconf 88' lang='lat' dir='ltr'>Hermesii</span> <span class='ocrx_word' id='word_1_251' title='bbox 856 2602 909 2647; x_wconf 89' lang='lat' dir='ltr'>inde</span> 
     </span>
     <span class='ocr_line' id='line_1_32' title="bbox 54 2675 699 2736; baseline 0 -14"><span class='ocrx_word' id='word_1_252' title='bbox 54 2678 221 2724; x_wconf 87' lang='lat' dir='ltr'>liberandorum</span> <span class='ocrx_word' id='word_1_253' title='bbox 237 2677 348 2722; x_wconf 88' lang='lat' dir='ltr'>eiusmodi</span> <span class='ocrx_word' id='word_1_254' title='bbox 366 2675 453 2733; x_wconf 74' lang='lat' dir='ltr'>suisset,</span> <span class='ocrx_word' id='word_1_255' title='bbox 470 2677 531 2736; x_wconf 83' lang='lat' dir='ltr'>quod</span> <span class='ocrx_word' id='word_1_256' title='bbox 547 2677 699 2722; x_wconf 76' lang='lat' dir='ltr'>derideretur-t</span> 
     </span>
    </p>
   </div>
   <div class='ocr_carea' id='block_1_5' title="bbox 57 2880 975 2934">
    <p class='ocr_par' dir='ltr' id='par_1_8' title="bbox 57 2880 975 2934">
     <span class='ocr_line' id='line_1_33' title="bbox 57 2880 975 2934; baseline 0 -2"><span class='ocrx_word' id='word_1_257' title='bbox 57 2886 229 2934; x_wconf 70' lang='lat' dir='ltr'>testimonium</span> <span class='ocrx_word' id='word_1_258' title='bbox 244 2886 372 2933; x_wconf 80' lang='lat' dir='ltr'>domestici</span> <span class='ocrx_word' id='word_1_259' title='bbox 388 2886 515 2933; x_wconf 79' lang='lat' dir='ltr'>cuiusdam</span> <span class='ocrx_word' id='word_1_260' title='bbox 532 2883 562 2930; x_wconf 82' lang='lat' dir='ltr'>de</span> <span class='ocrx_word' id='word_1_261' title='bbox 576 2880 713 2929; x_wconf 84' lang='lat' dir='ltr'>Herruesto.</span> <span class='ocrx_word' id='word_1_262' title='bbox 752 2885 773 2928; x_wconf 90' lang='grc' dir='ltr'>Ι.</span> <span class='ocrx_word' id='word_1_263' title='bbox 791 2882 827 2930; x_wconf 83' lang='lat' dir='ltr'>M.</span> <span class='ocrx_word' id='word_1_264' title='bbox 846 2884 905 2932; x_wconf 73' lang='lat' dir='ltr'>Sut-</span> <span class='ocrx_word' id='word_1_265' title='bbox 973 2886 975 2888; x_wconf 74' lang='grc'>’</span> 
     </span>
    </p>
   </div>
   <div class='ocr_carea' id='block_1_6' title="bbox 117 2967 545 3014">
    <p class='ocr_par' dir='ltr' id='par_1_9' title="bbox 117 2967 545 3014">
     <span class='ocr_line' id='line_1_34' title="bbox 117 2967 545 3014; baseline -0.009 -2"><span class='ocrx_word' id='word_1_266' title='bbox 117 2967 186 3014; x_wconf 84' lang='lat' dir='ltr'>leros</span> <span class='ocrx_word' id='word_1_267' title='bbox 201 2969 227 3012; x_wconf 81' lang='lat' dir='ltr'>te</span> <span class='ocrx_word' id='word_1_268' title='bbox 244 2967 382 3012; x_wconf 75' lang='lat' dir='ltr'>memorium</span> <span class='ocrx_word' id='word_1_269' title='bbox 406 2969 545 3011; x_wconf 84' lang='lat' dir='ltr'>reooeotus.</span> 
     </span>
    </p>
   </div>
   <div class='ocr_carea' id='block_1_7' title="bbox 55 3090 907 3233">
    <p class='ocr_par' dir='ltr' id='par_1_10' title="bbox 55 3090 907 3233">
     <span class='ocr_line' id='line_1_35' title="bbox 115 3090 907 3153; baseline 0.003 -14"><span class='ocrx_word' id='word_1_270' title='bbox 115 3096 186 3140; x_wconf 91' lang='lat' dir='ltr'>Homo</span> <span class='ocrx_word' id='word_1_271' title='bbox 206 3095 294 3153; x_wconf 86' lang='lat' dir='ltr'>quidam</span> <span class='ocrx_word' id='word_1_272' title='bbox 311 3093 464 3138; x_wconf 86' lang='lat' dir='ltr'>descendebat</span> <span class='ocrx_word' id='word_1_273' title='bbox 481 3094 508 3137; x_wconf 86' lang='lat' dir='ltr'>ab</span> <span class='ocrx_word' id='word_1_274' title='bbox 519 3090 639 3136; x_wconf 87' lang='lat' dir='ltr'>Ierusalem</span> <span class='ocrx_word' id='word_1_275' title='bbox 656 3093 678 3135; x_wconf 89' lang='lat' dir='ltr'>iu</span> <span class='ocrx_word' id='word_1_276' title='bbox 694 3091 791 3150; x_wconf 72' lang='lat' dir='ltr'>Iericho,</span> <span class='ocrx_word' id='word_1_277' title='bbox 809 3101 830 3140; x_wconf 94' lang='lat' dir='ltr'>et</span> <span class='ocrx_word' id='word_1_278' title='bbox 848 3097 907 3141; x_wconf 42' lang='lat' dir='ltr'>inei*-</span> 
     </span>
     <span class='ocr_line' id='line_1_36' title="bbox 55 3172 907 3233; baseline 0.004 -15"><span class='ocrx_word' id='word_1_279' title='bbox 55 3174 85 3219; x_wconf 86' lang='lat' dir='ltr'>dit</span> <span class='ocrx_word' id='word_1_280' title='bbox 103 3176 125 3220; x_wconf 91' lang='lat' dir='ltr'>iu</span> <span class='ocrx_word' id='word_1_281' title='bbox 142 3177 254 3232; x_wconf 75' lang='lat' dir='ltr'>latrones,</span> <span class='ocrx_word' id='word_1_282' title='bbox 273 3175 393 3232; x_wconf 83' lang='lat' dir='ltr'>quiedam</span> <span class='ocrx_word' id='word_1_283' title='bbox 411 3174 590 3232; x_wconf 80' lang='lat' dir='ltr'>despoliaverunt</span> <span class='ocrx_word' id='word_1_284' title='bbox 607 3184 666 3215; x_wconf 91' lang='lat' dir='ltr'>eum:</span> <span class='ocrx_word' id='word_1_285' title='bbox 686 3176 708 3215; x_wconf 88' lang='lat' dir='ltr'>et</span> <span class='ocrx_word' id='word_1_286' title='bbox 724 3172 796 3232; x_wconf 79' lang='lat' dir='ltr'>plagis</span> <span class='ocrx_word' id='word_1_287' title='bbox 814 3176 907 3233; x_wconf 78' lang='lat' dir='ltr'>imposi-</span> 
     </span>
    </p>
   </div>
   <div class='ocr_carea' id='block_1_8' title="bbox 728 3261 760 3307">
    <p class='ocr_par' dir='ltr' id='par_1_11' title="bbox 728 3261 760 3307">
     <span class='ocr_line' id='line_1_37' title="bbox 728 3261 760 3307; baseline 0 0"><span class='ocrx_word' id='word_1_288' title='bbox 728 3261 760 3307; x_wconf 84' lang='lat'>17</span> 
     </span>
    </p>
   </div>
   <div class='ocr_carea' id='block_1_9' title="bbox 0 0 1000 3399">
    <p class='ocr_par' dir='ltr' id='par_1_12' title="bbox 0 0 1000 3399">
     <span class='ocr_line' id='line_1_38' title="bbox 0 0 1000 3399; baseline 0 0"><span class='ocrx_word' id='word_1_289' title='bbox 0 0 1000 3399; x_wconf 95' lang='lat' dir='ltr'> </span> 
     </span>
    </p>
   </div>
  </div>
 </body>
</html>
