1979 3399
372 75 621 135 -315-,

47 215 92 273 lris,
111 214 190 274 quibus
208 217 488 278 originem'impertiebat,
506 218 639 277 acquireret.
671 218 750 276 Neque
769 215 828 260 enim
845 217 908 274 quis-

49 309 121 356 quam.
133 309 161 342 eo
177 297 273 358 indiget,
291 300 351 359 quod
368 313 397 344 ex
413 314 439 346 se
456 300 546 356 tribuit,
565 305 602 345 aut
616 313 657 358 per
673 298 696 343 id
712 297 809 357 proficit,
826 297 863 341 cui
879 296 908 340 ad

49 376 74 422 id
92 377 153 436 quod
175 383 224 436 est,
249 379 329 425 autlror
346 385 387 425 est.
420 380 540 426 Exteriore
559 385 633 424 autem
649 384 716 436 sunt,
738 391 796 437 quae
813 376 910 423 afferunt

48 458 187 517 profectum,
204 459 254 517 quia
272 473 313 517 ea,
330 473 388 519 quae
404 461 494 519 inopiae
510 459 641 516 medentur,
666 459 740 504 aliena
756 464 814 504 sunt.
846 459 909 504 Deus

49 537 125 598 igitur,
141 550 170 583 ex
186 551 230 596 quo
247 540 322 584 omnia
336 544 396 597 sunt,
412 541 472 585 nullo
490 552 568 585 eorum
583 540 678 600 indiget,
694 540 773 598 quibus
788 540 826 598 id,
847 537 910 599 quod

50 624 109 677 sunt,
127 630 179 664 esse
199 617 292 680 largitus
316 625 365 666 est:
390 622 465 667 omnia
480 632 536 667 uero
560 621 588 665 ad
603 620 728 680 proiectum
746 635 832 679 eorum,
851 633 909 681 quae

49 699 210 760 gignerentur,
234 701 326 747 creavit.
358 701 397 753 Er,
409 702 461 761 quia
484 700 566 761 longus
582 702 625 746 crit
641 715 731 760 semro,
753 702 773 746 si
795 700 861 746 etiam
880 699 909 745 de

51 778 188 824 coelestibus
208 783 230 824 et
250 780 400 825 invisibilibus
416 780 550 826 inchoetur:
573 793 603 826 ex
618 782 684 827 nobis
706 782 778 841 ipsis,
805 780 834 826 ad
851 790 908 839 apros

49 860 167 920 prophetia
182 862 261 920 psalmi
277 868 320 921 est,
335 863 464 909 tractemus.
496 863 622 922 Hominem,
639 877 685 909 non
696 862 756 922 quod
773 861 848 907 officio
860 861 909 907 eius

51 944 75 986 in
92 942 166 1000 aliquo
186 945 282 1000 eguerit,
299 944 404 1000 instituit,
420 944 462 989 sed
479 946 530 1003 [pria
540 945 612 990 bonus
630 950 671 1002 est,
687 944 818 1002 participem
834 942 910 989 beati.-

50 1021 135 1066 tudinis
155 1035 209 1066 suae
234 1024 348 1081 condidit,
371 1029 393 1068 et
417 1024 528 1070 rationale
553 1025 635 1070 animal
656 1026 679 1069 in
696 1037 760 1068 usmn
775 1022 910 1082 largiendae

51 1113 106 1145 suae
124 1101 262 1149 aeternitatis
278 1104 323 1148 vita
343 1116 458 1164 sensuque
474 1104 584 1164 perfecit:
612 1111 633 1149 et
651 1105 696 1149 hoc
712 1106 827 1164 exipsius
845 1103 910 1148 dictis

50 1180 153 1227 absolute
167 1181 304 1244 intelligitur.
329 1184 367 1229 Ait
382 1186 454 1230 enirn:
471 1185 512 1245 „Et
523 1197 583 1231 nunc
596 1185 666 1232 lsrael
676 1184 728 1245 quid
739 1185 842 1232 dominns
854 1184 910 1229 deus

50 1266 128 1308 tunsa
144 1267 167 1308 te
183 1265 265 1322 poscit,
282 1264 326 1310 nisi
341 1269 366 1310 ut
381 1265 460 1312 timeas
478 1266 592 1312 domincum
612 1266 677 1312 deum
694 1272 755 1312 tuum
771 1272 793 1312 et
809 1265 909 1311 ambules

50 1345 74 1390 in
91 1344 194 1389 omnibus
219 1347 260 1391 viis
285 1347 333 1392 eius
350 1352 373 1391 et
389 1347 470 1408 diligas
489 1361 539 1392 eum
556 1353 578 1393 et
596 1350 684 1394 servias
703 1348 793 1393 domino
812 1346 855 1391 deo
870 1349 908 1390 tuo

50 1438 81 1471 ex
94 1430 141 1470 toto
157 1425 227 1471 corde
245 1432 291 1485 tuo,
309 1433 331 1473 et
348 1441 376 1472 ex
390 1432 438 1474 tota
454 1430 528 1474 anima
543 1433 598 1487 tua,
621 1435 643 1474 et
660 1442 688 1473 ex
710 1434 757 1473 tota
778 1422 867 1483 uirtute,
886 1431 909 1471 et

50 1507 164 1553 custodias
180 1512 301 1566 praecepta
317 1506 401 1553 domini
420 1509 473 1567 dei,
495 1513 517 1554 et
531 1509 700 1554 iustificationes
717 1509 765 1553 eius
789 1521 846 1566 quae
863 1518 907 1565 ego

49 1589 163 1647 praecipio
179 1589 227 1643 tibi,
243 1594 267 1634 ut
282 1590 341 1634 bene
358 1591 386 1635 sit
398 1591 457 1636 tion.
488 1590 575 1637 Nrdlum
593 1604 606 1635 a
621 1591 688 1635 nobis
705 1589 749 1633 nisi
762 1587 907 1633 innocentiae

50 1673 73 1713 et
87 1669 205 1728 religionis
223 1675 246 1715 et
265 1670 318 1715 fidei
334 1671 467 1731 obsequium
488 1672 543 1718 deus
560 1672 663 1730 postulat.
697 1670 775 1715 Anrari
790 1682 815 1714 se
832 1681 844 1712 a
862 1680 908 1712 nc-

49 1748 85 1794 bis
114 1751 197 1808 exigit:
223 1763 270 1796 non
290 1752 366 1810 utique
392 1738 475 1797 amoris
499 1752 524 1796 in
547 1764 573 1797 se
595 1753 667 1797 nostri
690 1750 786 1796 fructum
811 1749 909 1807 aliquem

51 1829 87 1876 sui
103 1844 171 1875 causa
196 1831 239 1876 sibi
253 1834 394 1892 percipiens,
415 1815 457 1879 sed
474 1845 551 1878 amore
566 1832 615 1890 ipso
632 1832 698 1877 nobis
714 1831 788 1890 potius
805 1830 842 1888 qui
859 1826 910 1873 eum

51 1912 173 1959 amabimus
193 1913 318 1972 profuturo.
351 1914 407 1959 Nam
425 1915 495 1959 amari
513 1926 555 1970 se,
578 1913 665 1972 sibique
690 1924 733 1957 nos
760 1911 855 1970 obsequi
872 1909 911 1954 id-

51 1994 154 2046 circo'ut
169 1992 235 2038 nobis
253 1992 312 2037 bene
329 1993 365 2050 sit,
379 1993 469 2052 expetit,
484 1997 509 2038 ut
521 1982 584 2051 digni
594 1990 739 2036 beatitudinis
755 2002 809 2034 suae
825 1994 848 2033 et
862 1988 909 2032 bo-

50 2075 126 2121 nitatis
142 2087 196 2120 snae
213 2088 306 2120 munere
327 2087 368 2133 per
385 2075 488 2120 meritum
505 2073 588 2118 amoris
607 2074 642 2118 sui
659 2076 681 2115 et
698 2070 801 2128 obsequii
819 2068 909 2114 iudice-

50 2167 106 2199 mur.
139 2154 249 2199 Bonitatis
267 2158 341 2199 aulem
356 2166 426 2211 usus,
451 2157 476 2198 ut
494 2152 600 2211 splendor
618 2152 687 2207 solis,
711 2156 736 2196 ut
751 2151 825 2195 lumen
842 2149 909 2209 ignis,

50 2240 75 2280 ut
94 2235 152 2280 odor
169 2236 244 2293 succi,
266 2249 313 2281 non
337 2235 453 2294 praebenti
478 2235 579 2294 prolicit,
603 2233 645 2280 sed
661 2233 737 2279 utenti.
771 2230 837 2284 Quod
853 2242 909 2288 ergo

52 2326 145 2371 sumus,
165 2312 280 2373 proiectus
295 2318 374 2359 noster
392 2319 427 2359 est
443 2301 530 2373 potius,
552 2327 617 2372 quam
634 2314 696 2371 eius,
720 2312 758 2371 qui
780 2324 824 2357 nos
847 2312 870 2356 in
886 2310 911 2355 id

53 2396 112 2455 quod
124 2408 199 2441 surnus
211 2397 316 2441 instituit:
334 2397 384 2454 quia
403 2396 457 2440 deus
474 2396 586 2440 bonorum
603 2408 689 2452 eorum,
706 2407 763 2453 qnae
779 2395 844 2439 inse
860 2398 912 2438 sunt

53 2480 153 2534 aeterna,
178 2489 224 2521 non
248 2477 352 2522 invidens
376 2478 400 2522 in
426 2489 516 2523 sensum
533 2488 576 2522 nos
593 2482 659 2535 atque
677 2487 741 2522 usum
758 2476 840 2521 beatae
855 2488 910 2521 suae

52 2557 159 2604 bonitatis
176 2559 280 2602 assumit‘
297 2563 367 2614 -1).
526 2545 528 2548 ’

115 2652 137 2699 S.
160 2649 346 2696 Anselnrus:

117 2734 240 2792 ,Domine,
259 2733 314 2778 deus
331 2744 394 2775 meus
411 2744 450 2787 es,
472 2736 494 2776 et
511 2731 612 2776 dominus
625 2740 688 2773 meus
705 2740 745 2784 es,
763 2733 785 2773 et
799 2739 922 2786 nunquam*

52 2811 77 2859 te
94 2812 147 2857 ridi.
179 2812 212 2857 Tu
227 2826 263 2856 me
280 2812 354 2856 fecisti
370 2816 391 2855 et
407 2812 520 2868 refecisti;
539 2817 561 2857 et
578 2812 651 2856 omnia
668 2809 736 2865 bona,
755 2821 811 2867 quae
828 2808 911 2863 habeo,

58 2897 82 2936 tu
97 2891 151 2936 mihi
167 2892 285 2946 contulisti,
303 2895 325 2934 et
341 2889 440 2935 nondum
457 2892 511 2936 novi
526 2896 555 2935 te.
587 2890 690 2947 Denique
708 2889 737 2933 ad
753 2889 874 2934 ridendum
889 2894 913 2934 te

56 2972 129 3019 factus
145 2985 202 3030 sum,
218 2977 242 3018 et
258 2970 356 3016 nondum
372 2969 416 3016 feci
432 2969 598 3032 propterquod
613 2968 685 3014 factus
702 2982 758 3014 sum.
792 2969 811 3015 Ο
826 2970 911 3021 misera

56 3117 235 3125 ,φ---ἢ

97 3205 116 3257 1)
133 3204 152 3241 S.
168 3204 241 3242 Hilarii
257 3209 312 3241 tract.
328 3204 348 3238 in
364 3202 382 3239 Il
395 3202 458 3254 Psfflp.
475 3201 499 3238 31
514 3199 546 3241 ed,
561 3198 663 3236 Benedici,
