1979 3399
384 44 440 109 ’-
478 75 532 125 sos
571 98 669 136 -

134 217 157 263 S.
173 213 368 275 Epiphanius
384 213 475 258 scribit:
499 213 631 273 ,Postquam
648 211 729 258 artilex
745 220 821 257 retum
836 213 935 259 omnium

74 297 132 342 deus
150 303 218 343 totam
236 294 296 339 lranc
313 295 467 341 universitatis
482 295 617 353 machinam,
633 294 694 339 velut
709 294 822 352 ingentem
840 291 936 351 aliquam

75 380 196 433 ciuitatem,
210 375 329 436 praeclaro
347 375 427 421 ordine
444 375 552 431 condidit,
570 388 598 419 ac
613 375 679 418 vecis
696 356 792 431 imperio
810 373 934 432 constituit,

73 460 97 503 in
113 471 187 518 eoque
203 457 313 502 elementa
326 455 414 515 singula
429 457 544 514 aptissime
560 441 693 513 composuit,
710 466 738 497 ac
749 453 819 498 variis
829 453 935 498 animan-

73 537 128 581 tium
150 534 272 595 generibus
295 534 415 593 complevit
439 535 528 591 orrrrnia,
551 537 576 588 ut
601 532 637 577 hic
662 533 757 579 mundus
778 532 880 592 perfecte
905 532 935 577 ad

73 628 163 660 ornnem
178 614 350 673 pulcritudinem
364 614 514 671 adolesceret,
529 626 579 657 cum
594 614 618 658 iu
635 625 663 657 00
681 613 822 658 ornnimodas
838 617 934 657 naturae

63 696 159 741 termas
174 695 238 739 vivas
255 695 410 753 animalesque
430 697 590 753 procreasset,
616 698 682 752 atque
699 698 721 738 et
736 694 760 738 in
775 692 840 739 coelo
858 691 935 739 sidera

74 775 136 819 etin
153 786 208 818 aere
224 773 337 832 volueres,
355 780 378 819 et
397 776 496 819 interra
513 772 678 833 quadrupedes,
696 778 718 817 et
733 775 756 818 in
773 776 837 832 aquis
848 778 936 818 natan-

73 857 105 900 tia
124 855 273 899 collocasset:
293 861 432 913 postrennun
459 856 556 900 ornrrium
581 856 712 911 bominem,
733 855 770 898 cui
786 859 856 899 totum
875 853 936 898 hunc

73 934 179 979 urtrrrdum
195 930 255 979 velut
267 935 384 993 egregium
399 932 512 992 quoddam
528 934 664 992 praetorium
681 940 816 993 paraverat,
832 935 865 980 sie
883 938 936 978 tau-

76 1028 141 1074 quam
158 1013 303 1059 simulacrum
319 1014 432 1072 quoddam
449 1013 478 1057 ad
500 1014 535 1059 sui
552 1012 648 1073 effigiem
665 1027 796 1073 expressum
816 1016 839 1059 in
857 1014 935 1059 orbem

75 1081 212 1139 introduxit:
231 1107 258 1138 ac
274 1093 335 1137 uelut
348 1094 484 1150 'exquisitum
502 1094 589 1151 signum
611 1095 714 1140 manibus
733 1096 780 1141 suis
797 1094 936 1140 elaboratum

74 1173 194 1233 praeclaro
212 1174 235 1216 in
252 1173 334 1230 ternplo
351 1173 477 1217 constituitt
492 1177 519 1226 1).

136 1251 199 1296 ldem
216 1245 239 1295 in
256 1252 331 1308 libro,
356 1264 400 1310 quo
422 1251 566 1308 scriptionem
584 1251 681 1298 hominis
700 1255 823 1300 acutissimi
840 1248 935 1314 ingenii,

74 1331 115 1378 sed
131 1331 246 1376 erroribus
262 1331 377 1389 implicati,
393 1330 454 1376 Aeni
470 1331 600 1389 redarguit,
617 1331 695 1378 docet:

137 1411 237 1467 „Etenim
252 1423 309 1455 unus
322 1410 359 1455 ille
373 1410 479 1454 eonditor
492 1411 598 1468 omnium,
616 1416 683 1469 atque
697 1413 779 1458 artifex
790 1414 851 1458 omni
868 1425 936 1459 crea-

72 1497 122 1537 tura
139 1491 274 1551 opifrcioque
292 1492 456 1549 praestantior,
475 1505 522 1536 uon
538 1496 659 1549 propterea
673 1492 733 1550 qirod
747 1493 862 1552 productis
879 1506 892 1538 a
909 1506 936 1538 se

75 1572 179 1618 orantibus
196 1571 327 1628 antecellit,
343 1584 390 1615 non
406 1570 486 1616 eadern
502 1572 544 1616 ista
563 1571 652 1616 molituri·
670 1585 697 1616 ac
715 1577 827 1630 procreat.
859 1574 937 1632 Neque

75 1654 152 1708 enim,
174 1665 232 1711 qnae
251 1652 310 1696 illius
328 1656 363 1696 est
385 1651 491 1708 bonitas,
513 1650 598 1695 invidia
617 1652 729 1710 tangitur:
754 1652 936 1712 qnandoquidem

76 1735 148 1791 ipsam
162 1735 185 1777 in
204 1745 230 1777 se
247 1733 370 1776 bonitatem
384 1722 547 1788 complectitur,
564 1744 621 1788 quae
638 1743 676 1775 res
695 1744 741 1776 una
754 1735 851 1778 caeteris
867 1746 937 1791 prae-

77 1818 122 1858 stat
138 1812 248 1856 omnibus.
287 1812 366 1868 Neque
382 1809 586 1867 perturbationibus
604 1810 715 1855 obnoxius
731 1815 781 1869 est,
797 1813 935 1859 001011001-

79 1893 144 1947 diae,
170 1892 236 1935 livori
253 1895 296 1938 etc.
330 1890 405 1942 Quare
424 1902 570 1948 [quaeeunque
592 1890 680 1935 demum
699 1890 815 1949 existunt,
836 1894 935 1940 enihilo

78 1971 180 2032 perfecit.
213 1970 269 2015 Nam
287 1981 345 2026 quae
367 1968 395 2012 ab
414 1969 463 2026 ipso
481 1969 572 2014 condita
590 1976 654 2028 sunt,
671 1984 773 2032 (praeque
789 1974 936 2035 incompara-

77 2053 116 2098 bili
133 2053 180 2097 eius
200 2051 316 2095 divinitate
332 2050 401 2107 longe
417 2049 526 2095 inferiora
542 2056 600 2107 suut,
616 2064 663 2097 non
679 2052 789 2098 adversus
805 2053 876 2111 ipsum
893 2068 937 2100 ex-

78 2135 177 2193 cogitata
195 2130 298 2188 luerunt,
316 2128 357 2174 sed
375 2127 403 2172 tul
420 2130 469 2174 eius
490 2130 601 2174 bonorem
621 2144 648 2175 ac
664 2130 775 2190 gloriam3
792 2137 816 2178 ut
830 2119 937 2194 magidb-

78 2227 129 2258 cam
151 2216 173 2256 et
189 2210 289 2254 invidIae
308 2214 423 2267 expertem
439 2209 497 2254 illius
515 2208 653 2254 divinitatem
664 2211 771 2257 indicent.
805 2215 868 2267 Quae
885 2219 937 2274 qui-

22 2342 23 2345 ,
81 2295 130 2340 dem
148 2293 242 2351 ipsamet
257 2296 292 2336 est
306 2290 403 2346 bonitas,
419 2294 441 2334 et
458 2290 589 2347 substantia,
605 2304 662 2350 quae
679 2304 728 2335 cum
744 2292 777 2337 iis⁴
787 2294 864 2351 rebus,
881 2308 937 2353 quas

81 2387 94 2418 e
110 2372 180 2416 nihilo
199 2372 300 2423 creavit,
325 2383 366 2415 sua
386 2372 548 2426 communicat,
570 2370 706 2428 easdemque
723 2375 746 2413 et
761 2384 813 2416 esse
829 2374 892 2430 vult,
915 2381 938 2421 et

20 2501 22 2504 ,
81 2462 261 2509 irrramquarnque
279 2460 320 2506 pro
343 2452 436 2492 naturae
452 2461 507 2493 suae
524 2449 653 2493 conditione
669 2460 759 2494 suerum
777 2451 937 2500 beneficiorum

82 2546 133 2578 esse
150 2529 289 2589 participem.
323 2526 387 2573 Unde
405 2531 426 2571 et
441 2526 551 2571 sideribus
568 2525 641 2571 lucem
657 2528 778 2588 impertitus
792 2537 826 2577 est
839 2539 861 2578 et
872 2536 937 2580 coelo

82 2609 239 2670 descriptionis
270 2605 402 2664 ordinisque
427 2599 613 2664 pulcritudinem,
642 2612 665 2653 et
688 2614 762 2655 terrae
787 2614 938 2673 caeterisque,

81 2707 123 2753 pro
141 2705 169 2736 eo
188 2704 215 2735 ac
234 2688 318 2743 voluit,
346 2691 433 2745 partem
450 2685 545 2742 aliquant
569 2688 656 2732 uirtutis
674 2690 784 2736 attribuit:
802 2698 824 2736 et
850 2695 938 2753 angelis

83 2789 110 2818 ac
124 2772 216 2830 reliquis
230 2769 315 2813 sanctis
333 2767 446 2812 mentibus
463 2767 649 2813 immortalitatem
665 2774 779 2816 concessit
791 2777 813 2816 et
825 2773 939 2820 hominem

84 2856 181 2910 denique
195 2849 300 2909 imaginis
317 2847 432 2907 dignitate,
447 2846 500 2902 uita,
516 2847 610 2893 scientia
627 2862 654 2892 ac
670 2850 764 2896 rationis
777 2856 868 2911 proprio
887 2869 939 2900 mu-

83 2946 139 2979 nere
156 2929 254 2976 donavit.
289 2928 354 2981 Quod
371 2928 460 2986 quidem
482 2927 552 2984 ipsum
575 2940 622 2972 non
642 2928 700 2974 illius
716 2930 739 2973 in
759 2933 807 2977 sola
824 2935 939 2980 voluntate

85 3015 181 3074 positum
197 3010 245 3068 suit,
261 3009 325 3068 quasi
343 3009 469 3056 cunctando
494 3012 516 3052 et
531 3008 554 3052 in
572 3009 667 3055 futurum
684 3011 848 3072 deliberando,
869 3019 892 3060 ut
909 3015 939 3061 ita

83 3122 368 3145 „pfl-„d-

131 3177 151 3228 1)
165 3155 289 3226 Epiphanius
305 3171 397 3211 aduersus
411 3170 493 3208 1100000.
508 3168 521 3204 l.
537 3169 554 3205 ll
569 3174 615 3207 tour,
631 3172 640 3208 1
654 3184 674 3221 p.
690 3171 733 3210 5110,
