1979 3399
381 79 562 153 477..

44 242 107 290 linet.
139 242 198 289 Satis
215 254 297 287 causae
314 243 362 299 cst,
380 253 430 285 eur
444 238 502 283 liber
523 236 603 296 aliquis
620 233 642 279 in
659 231 758 278 indicem
772 230 901 289 recipiatur,

45 327 65 370 si
81 326 155 370 insunt
170 324 342 383 propositiones
368 333 424 381 quae
454 319 484 365 acl
507 318 614 363 haeresin
636 312 747 361 accedant
771 311 819 359 sire
844 309 902 354 bac-

46 408 108 453 resin
131 406 234 465 sapiant,
258 405 278 449 si
299 405 374 448 insunt
395 400 562 461 propositiones
586 394 760 450 schismaticae,
784 403 903 447 erroneae,

45 489 144 548 impiae,
170 484 334 540 scandalosae,
364 477 450 542 piarum
479 478 564 524 aurium
592 476 728 534 cilensirae',
759 472 903 528 temerariae,

46 571 177 622 seditiosae,
189 565 352 624 blasphemae,
367 562 425 607 male
439 566 547 606 sonantes
572 561 612 604 rel.
638 586 668 595 ψ-
693 557 769 604 Facile
790 554 902 612 intelligi-

45 655 87 707 tur,
101 649 125 708 in
146 660 192 692 una
210 651 271 690 terra
289 642 348 688 male
365 654 447 688 sonare
462 639 642 699 propositiones,
659 652 716 698 (prae
730 639 754 683 in
770 636 840 682 altera
855 647 903 680 non

45 730 104 775 male
127 733 221 782 sonant3
245 727 269 770 in
293 739 338 769 una
359 728 420 768 terra
439 722 607 781 propositiones
633 720 763 774 offendere,
790 733 847 777 qliae
866 708 902 762 vin

47 811 96 856 aliis
114 822 161 855 nou
182 805 311 863 ollentlunt5
337 805 404 850 certis
428 801 561 864 quibusdam
581 799 747 846 conditionibus
763 798 903 858 periculosas

47 906 99 939 esse
120 904 189 952 posse
209 887 393 949 propositiones,
416 897 473 944 quae
495 882 579 942 aliocpii
601 894 648 927 non
674 885 732 926 suut.
765 880 827 924 llaec
843 878 904 923 haud

47 974 115 1020 (lubic
132 986 200 1019 cansa
216 976 265 1028 est,
289 983 329 1016 cur
344 969 416 1015 lnclcx
430 968 544 1013 Romanus
559 978 606 1010 non
622 964 646 1008 iu
662 963 765 1008 omnibus
782 962 848 1006 terris
863 975 903 1005 re.

47 1060 124 1113 ceptus
140 1054 168 1099 sit
184 1058 206 1097 et
223 1052 355 1097 atrotoritate
371 1049 460 1108 publiea
476 1061 524 1093 non
539 1048 647 1100 sancitus,
664 1055 704 1088 our
718 1043 838 1088 nonnullae
854 1047 904 1087 ter-

46 1150 94 1192 rae,
108 1140 132 1180 ut
146 1132 332 1188 Franco-Gallia,
348 1130 443 1191 Belgia,
458 1129 581 1189 Hispania,
596 1123 702 1182 Austria,
720 1137 784 1171 suum
801 1137 903 1183 quaeque

48 1215 147 1260 Iudicem
165 1213 270 1273 habeant.

110 1293 173 1347 Quae
189 1296 312 1352 sequuntur
330 1291 475 1337 auctoritates
491 1289 548 1335 ultra
571 1300 659 1335 ornnem
679 1287 841 1333 dubitationem
857 1298 904 1352 po-

47 1379 114 1420 nant
129 1387 186 1433 [puae
211 1373 313 1418 diximus.
365 1371 430 1425 Quod
451 1373 529 1416 attinet
553 1369 583 1415 ad
611 1369 728 1429 imperium
752 1368 905 1424 Ambiacum,

47 1456 220 1514 lleclrbergerus
236 1455 259 1499 in
272 1451 405 1497 Eacbirirllo
421 1465 463 1496 suo
473 1451 532 1495 ilaris
548 1449 696 1496 ecclesiastici
711 1447 830 1493 Astcstriuca'
844 1449 905 1493 scri-

48 1535 79 1579 ott
93 1540 125 1590 b:

144 1611 316 1657 Declaratioaes
333 1623 346 1655 a
360 1609 575 1670 congregationibus
592 1610 737 1656 cardinalium
754 1609 836 1665 erlitae,
849 1607 905 1659 licet

139 1693 163 1737 in
185 1692 258 1736 forma
281 1690 408 1736 authentica
433 1689 597 1748 expediantur,
612 1695 636 1735 et
651 1692 772 1751 generales
788 1691 845 1746 sint,
860 1703 904 1734 nec

144 1772 173 1816 atl
188 1772 262 1816 locum
280 1777 364 1816 certum
379 1784 423 1816 nec
441 1770 470 1834 atl
485 1784 606 1830 personam
624 1774 753 1830 restrictae,
770 1774 816 1817 rim
833 1776 906 1815 tamen

142 1853 200 1912 legis
225 1865 266 1911 pro
287 1852 391 1898 ecclesiis
413 1851 584 1911 particularibus
607 1858 652 1899 tum
675 1854 749 1899 solum
770 1852 872 1909 liabent,
887 1852 907 1896 si

143 1939 194 1979 srrut
213 1937 318 1992 receptae
339 1946 366 1978 ac
386 1932 485 1992 legitime
507 1934 668 1994 promulgatae.
701 1934 727 1979 ld
747 1934 807 1994 quod
824 1933 852 1979 de
869 1926 908 1978 in-

144 2015 194 2059 dice
212 2027 300 2072 quoque
315 2006 423 2059 librorum
439 2014 601 2073 prohibitorum
618 2028 631 2061 a
648 2016 829 2074 congregat-ione
844 2014 906 2061 intll-

145 2096 178 2139 cis
196 2094 287 2139 conano
305 2095 445 2140 statuendum
462 2099 503 2139 est.

51 2174 75 2218 ln
93 2176 237 2219 annotatione
254 2174 283 2218 arl
298 2173 363 2238 haec
373 2173 447 2218 addit:

143 2255 241 2300 Decreta
261 2266 369 2300 caesareo
387 2253 424 2298 tt.
442 2253 471 2298 14
485 2253 538 2299 lllaii
557 2253 632 2308 1781,
649 2251 732 2298 subditi
753 2266 840 2309 ornnes,
855 2255 905 2300 sire

146 2335 223 2381 clerici
239 2336 283 2381 siut
300 2335 348 2380 sive
364 2335 425 2392 laici,
443 2334 463 2379 si
481 2334 509 2379 tle
524 2334 588 2379 libris
603 2335 720 2394 permissis
737 2335 775 2380 vel
789 2335 909 2394 prohibitis

145 2418 268 2477 quaeritur,
290 2429 337 2461 non
352 2416 418 2462 aliam
435 2417 478 2462 nisi
502 2429 559 2475 quae
582 2431 596 2463 a
611 2428 708 2478 censura
722 2416 829 2463 libroruin
845 2430 906 2463 caes.

145 2510 194 2556 reg.
211 2498 350 2556 praescripta
367 2502 408 2554 est,
425 2509 526 2541 normam
542 2495 606 2555 sequi
621 2496 732 2543 iubentur.

53 2577 104 2636 lpse
122 2576 180 2621 adeo
196 2577 267 2622 ludex
281 2577 395 2623 Romanus
410 2590 451 2637 per
467 2578 583 2636 imperium
598 2576 741 2624 Austriacum
758 2578 781 2623 in
801 2578 908 2623 librorum

55 2657 218 2717 prohibitorum
235 2670 328 2703 ntrrnero
346 2663 388 2716 est,
402 2663 425 2703 et
440 2657 477 2702 illa
491 2658 631 2717 praescripta
644 2671 716 2718 usque
729 2659 759 2703 ad
773 2659 832 2703 lianc
849 2659 909 2717 diem

54 2751 98 2796 per
123 2752 211 2784 ornarem
242 2739 339 2784 civitatis
363 2738 496 2785 Austriacae
526 2739 630 2784 ambitum
653 2739 727 2799 legum
749 2741 794 2785 vim
818 2739 908 2783 habeut.

57 2820 85 2865 Ut
100 2821 123 2865 iu
146 2826 207 2866 terra
223 2819 356 2878 Austriaca,
377 2822 407 2867 ita
429 2835 470 2880 per
485 2821 571 2867 Franco
580 2819 694 2866 -Galliam
708 2821 779 2866 Index
794 2822 907 2866 Romanus

58 2913 169 2961 nunquam
187 2906 290 2960 receptus
307 2891 348 2946 est.

151 2983 260 3040 ,Decreta
281 2982 487 3042 Congregationum
505 2982 654 3042 lntprisitionis
680 2986 702 3026 et
723 2980 814 3038 Indims,
831 2982 910 3028 scribit

150 3064 272 3122 Fleurpus,
295 3063 407 3109 ecclesiae
432 3064 560 3110 Gallicanae
576 3062 736 3109 illustrissimus
758 3064 868 3123 scriptor,
889 3069 913 3109 ut

124 3177 262 3189 0-*—-——-

101 3240 121 3291 1)
136 3242 266 3295 Rerhberger,
280 3243 411 3282 Enelririrlion
424 3247 473 3284 iuris
488 3246 584 3284 Austriaci
598 3251 645 3281 tom,
660 3245 675 3281 l.
688 3257 708 3296 p.
726 3245 770 3284 ils).
