1979 3399
415 64 602 118 ..le-

79 222 156 269 neque
174 209 312 266 mirabimur,
329 220 368 253 cur
384 205 487 264 Systema
503 204 666 259 Cartesianum,
681 202 742 261 quod
759 216 809 248 erun
824 201 942 256 Hermesio

80 291 172 338 doctam
194 290 354 335 dubitationem
377 284 485 338 admittit,
509 287 615 342 tanquam
633 280 788 340 perniciosum
804 281 950 341 designeturf

80 371 128 419 Sed
145 375 263 428 ant-equam
282 366 337 412 alter·
353 365 395 409 isle
411 362 543 409 Arcesilaus
560 367 582 406 et
596 361 681 421 Pyrrho
700 360 805 419 idemque
821 374 894 408 novus
911 360 943 405 ti-

80 451 175 497 bertatis
194 448 278 494 uindex
293 446 366 504 gloria
383 458 424 489 sua
442 444 557 489 hominum
573 443 652 489 oculos
664 430 819 500 praestrinxit,
835 441 942 487 dubitatio

82 518 213 576 Cartesiana
233 538 280 570 non
297 524 359 569 dedit
382 524 449 569 ullam
471 523 628 568 offensionem.
663 522 746 567 Contra
769 520 886 579 usquead
904 533 945 564 re-

82 607 211 655 centissimo
226 610 328 669 tempora
348 606 373 650 in
388 604 472 649 scholis
489 589 610 648 Catholicis
637 602 697 647 hano
716 601 877 647 dubitationem
892 614 944 645 ma-

80 689 146 750 gistri
159 667 269 746 tanquam
288 686 406 744 egregium
418 683 572 728 adiumentum
593 681 745 727 inveniendae
766 681 867 726 veritatis
887 692 956 738 pro-

81 772 214 829 posuerant.
248 766 314 820 Quod
330 770 354 810 ot
369 765 498 824 probemus,
514 763 589 808 locum
605 763 782 808 transcribermrs
804 777 833 808 ex
849 763 945 809 institn-

83 848 183 902 nortatus
200 848 315 904 Walseri,
333 858 396 904 quae·
409 844 461 890 olim
476 843 567 888 multum
584 848 689 889 versatae
706 844 730 888 in
745 843 829 889 scholis
848 840 959 889 cathodi?

84 931 117 977 cis
130 935 197 988 atque
209 928 299 973 clericis
310 926 394 971 nostris
409 926 446 984 qui
459 929 532 969 aetate
544 924 647 983 proreoti
658 924 717 968 bene
732 925 838 983 cognitae
850 930 902 969 sunt
911 929 945 982 1):

147 1010 246 1069 ,Aptius
261 1013 284 1053 et
300 1006 395 1052 validius
411 1007 440 1051 ad
456 1005 493 1050 illa
511 1013 555 1061 [so.
571 1005 641 1050 noxia
657 1005 777 1063 principia)
794 1002 893 1048 tollenda
908 1005 946 1049 ni-

84 1090 116 1136 hil
132 1095 173 1147 est,
190 1103 255 1149 quam
271 1088 369 1146 prudens
388 1087 416 1132 de
433 1087 535 1132 omnibus
553 1086 669 1144 dubitatio,
687 1098 728 1129 seu
744 1096 840 1128 examen
852 1084 947 1129 unirer-

87 1171 152 1218 sale:
170 1186 183 1217 a
201 1170 348 1226 dubitatione,
370 1169 456 1212 monuit
471 1167 600 1224 CartesiuS,
616 1165 774 1225 philosophiae
797 1164 893 1210 studirun
908 1165 947 1209 in-

86 1251 215 1296 choandum
232 1262 296 1295 esse:
313 1249 416 1293 nimirum
435 1247 463 1292 dc
480 1247 584 1291 omnibus
602 1247 685 1291 nostris
701 1246 839 1303 notionibus,
855 1244 947 1304 opinio-

85 1333 160 1389 nibus,
176 1337 199 1376 et
214 1329 329 1389 principiis
347 1328 433 1387 primis,
448 1326 509 1372 unde
525 1326 626 1385 reliquae
639 1331 731 1372 nostrae
748 1327 886 1373 assertiones
904 1324 948 1369 de-
972 1313 975 1316 ’

85 1410 198 1464 rirantur,
224 1420 252 1451 ao
268 1408 452 1465 coniunguntur,
477 1419 530 1450 num
550 1405 637 1452 solidae
654 1407 713 1465 sint,
735 1422 763 1454 ao
784 1407 872 1454 solidae
894 1405 948 1452 indo

85 1490 155 1535 fluant
172 1487 340 1544 conclusiones,
357 1486 532 1546 quaerendum‘t

147 1568 202 1624 lllox
216 1568 277 1613 idem
293 1568 385 1614 scribit:
904 1616 906 1619 f

150 1652 255 1710 „Proprie
272 1651 370 1706 dubitat,
396 1650 434 1708 qui
449 1650 549 1695 nondum
565 1654 640 1695 certus
657 1650 686 1694 de
701 1650 817 1695 cuiusdam
836 1649 871 1694 rei
886 1636 948 1694 reri.

88 1736 134 1778 tate
149 1729 258 1777 iudicium
275 1730 398 1789 suspendit,
415 1743 445 1775 ne
456 1736 523 1776 erret.
548 1730 633 1775 Latiori
650 1743 719 1776 sensu
736 1730 829 1786 dubitat,
845 1732 881 1774 cui
897 1730 949 1787 qni-

89 1812 141 1857 dem
164 1823 238 1856 rerum
262 1811 346 1855 veritas
368 1823 415 1855 non
431 1815 466 1854 est
480 1815 584 1869 suspecta
607 1816 644 1856 aut
660 1810 740 1868 dubia,
762 1811 803 1856 sed
824 1815 848 1855 ut
862 1812 949 1854 verita-

89 1896 135 1936 tem
158 1887 308 1935 enaminando
332 1902 360 1934 ac
378 1887 501 1935 dubitando
521 1889 594 1949 iringis
616 1890 758 1949 perspicuam
778 1890 873 1948 reddat,
899 1889 949 1935 aliis

90 1970 254 2015 dubitationem
277 1969 368 2028 adimat,
393 1974 415 2014 et
434 1968 505 2015 semel
527 1969 787 2029 confirrnatosreritate
810 1971 837 2016 ab
854 1970 949 2016 aliorum

88 2051 294 2110 impugnat-ionibus
311 2052 458 2109 praemuniat.
497 2051 556 2097 Talis
578 2064 626 2097 non
643 2050 744 2109 dubitat,
769 2050 811 2098 sed
829 2051 950 2097 dubitantis

88 2145 212 2194 personam
229 2132 315 2189 induit,
339 2137 361 2177 et
378 2133 459 2177 eodem
474 2132 560 2191 modo,
586 2145 630 2192 quo
653 2132 734 2178 dubius
757 2146 806 2177 rem
821 2134 950 2192 investigat,

89 2216 138 2259 eius
155 2226 198 2272 ope
215 2213 326 2271 ponderat
342 2219 463 2259 momenta.
496 2214 534 2261 Sio
551 2215 593 2259 viri
609 2214 808 2274 praestantissimi,
834 2215 871 2273 qui
887 2216 968 2260 oerte'

89 2293 175 2357 Deum,
189 2292 340 2351 religionem,
356 2296 474 2339 veritatem
489 2294 646 2355 venerabundi
665 2299 802 2353 agnoscunt,
829 2295 950 2339 dubitantis

91 2373 169 2432 specie
182 2373 303 2430 inquirunt,
319 2376 393 2416 utrum
409 2372 473 2417 detur
488 2373 558 2429 Deus,
575 2372 665 2430 religio,
680 2374 785 2419 ver¹itas.“

153 2451 203 2497 lloo
220 2450 336 2496 dubitandi
353 2464 425 2510 genus
442 2455 526 2495 tantum
543 2450 627 2508 abluit,
649 2455 672 2496 ut
686 2452 836 2511 periculosum
853 2436 950 2513 unquam

94 2532 168 2577 risum
184 2533 220 2590 sit,
236 2537 261 2578 ut
271 2531 394 2589 Bonellius,
412 2533 449 2591 qui
457 2532 542 2577 Romae
560 2531 722 2592 philosophiam
737 2534 860 2593 profitetur,
877 2535 951 2593 planis

91 2613 169 2658 uerbis
185 2612 286 2669 scribat,
302 2612 360 2657 hanc
382 2611 510 2657 methodum
526 2611 677 2659 Cartesianam
692 2627 736 2671 por·
753 2614 796 2660 dam
812 2615 906 2660 succedo
921 2614 951 2660 ob

92 2694 195 2740 oriundos
211 2692 354 2751 philosophis
371 2692 484 2737 sitiendo
498 2693 548 2751 fore
563 2694 693 2752 acceptione
707 2694 828 2754 probatem
844 2709 900 2742 esse.
924 2695 952 2741 Et

93 2777 152 2821 haec
169 2789 182 2820 a
196 2772 441 2820 censoribusllomanis
461 2786 481 2817 a.
493 2772 553 2817 1836
564 2773 637 2818 denuo
654 2774 777 2834 adprobata
791 2775 854 2822 suntl
873 2775 952 2829 Quid?

93 2858 160 2902 etiam
177 2856 278 2916 episcopi
293 2854 456 2917 Franoogallioi
474 2854 641 2911 propositiones
660 2856 796 2902 Lamennaei
818 2870 886 2915 supra
901 2869 952 2900 me-

93 2942 197 2982 moratas
209 2935 400 2983 confidentissime
416 2935 552 2979 reiecerunt.
581 2936 665 2996 Quippe
682 2938 732 2983 illos
747 2952 794 2983 non
809 2938 878 2993 latuit,
892 2936 952 2981 aliud

95 3018 133 3075 agi
148 3030 212 3074 quarn
229 3018 384 3078 quaestionem
408 3015 436 3060 de
458 3013 597 3076 philosophia
615 3016 745 3065 Cartesiana
761 3019 862 3067 mereri:
884 3018 952 3067 humo

99 3134 287 3143 ,ι-ν--Ἢ

137 3196 156 3248 l)
171 3196 259 3234 lusurus..
274 3198 362 3252 philos,
377 3201 451 3253 Legiea
465 3199 553 3252 praediea
568 3201 652 3255 sect-ll⁵
669 3214 711 3253 cap,
727 3201 744 3240 t,
