1979 3399
401 34 441 108 '-
480 72 524 125 aa
556 94 590 106 -

71 214 188 276 losopbum
209 213 299 261 silentio
323 215 509 275 praetermittere.
547 211 664 260 Eiusmodi
689 214 724 257 cst
740 210 777 257 ille
793 211 873 270 locuS,
889 211 928 272 qni

70 297 153 357 legitur
173 297 196 342 in
217 293 378 342 dissertatione
401 296 429 341 de
452 296 559 341 methodo
576 299 619 341 etc.
635 306 687 357 pag.
705 295 727 344 9.
750 294 812 351 [Vol.
828 291 855 339 ll.
873 293 926 339 edit⁴

70 382 175 429 Francos,
195 380 283 437 tollit:
307 379 388 439 ,Simul
411 393 439 425 ac
461 378 515 424 illud
538 377 662 423 studiorum
679 375 813 422 curriculum
830 372 927 431 absolvi,

70 476 115 524 qno
132 464 229 509 decurso
249 473 299 507 mos
323 465 359 508 est
380 461 405 505 in
425 460 563 505 eruditorum
579 472 694 504 numerum
716 457 835 518 cooptari,
860 455 927 515 plane

71 546 131 592 aliud
147 544 339 603 coepicogitare.
371 542 414 587 Tot
431 536 490 586 enim
510 555 546 587 1ne
565 542 638 586 dubiis
655 545 731 599 totque
748 540 864 585 erroribus
882 539 927 583 irn-

70 627 173 687 plicatum
190 637 242 670 esse
260 623 414 681 animadverti,
430 628 454 668 ut
470 635 548 668 orrtnes
564 608 667 667 discendi
683 626 776 667 conatus
794 621 849 666 nihil
864 617 925 666 aliud

70 706 124 752 mihi
145 704 259 764 proluisse
280 704 418 761 iudicarem,
440 718 505 764 quarn
524 703 585 764 qnod
599 704 750 762 ignorantiam
766 716 838 746 meam
854 707 926 763 magis

69 785 187 846 magisque
203 785 360 831 cletexissern.“
391 786 420 831 Et
433 785 499 845 paulo
516 790 581 844 post:
599 785 675 844 ,erae
692 784 767 828 omnia
783 783 837 828 mibi
854 785 928 830 auda-
950 803 953 807 ·

71 868 130 913 ciam
148 867 231 912 dabant
254 867 283 912 de
305 867 355 913 aliis
379 880 408 913 ex
428 881 464 912 rne
488 866 617 922 irulicandi,
643 871 664 910 et
681 865 789 910 credendi
804 865 887 910 nnllam
903 867 927 911 in

70 949 153 994 mundo
177 948 296 1003 scientiam·
313 947 362 993 dari
384 948 416 994 illi
432 961 521 1007 parem,
542 949 605 992 cuius
627 961 679 1006 spes
702 947 762 992 l'acta
786 946 840 992 mibi
858 950 927 992 erate

70 1028 99 1075 Et
119 1025 240 1089 praecipue
261 1042 313 1090 pag.
337 1030 375 1076 7.:
395 1030 468 1090 ,qnod
493 1030 522 1075 ad
545 1043 585 1075 eas
609 1031 727 1089 opiniones
754 1029 846 1086 attinet,
872 1042 927 1088 quas

1 1173 2 1176 Ἴ
70 1123 115 1170 ego
131 1114 180 1170 ipse
196 1111 219 1156 in
236 1124 373 1171 eamusque
395 1112 454 1157 diem
470 1111 557 1158 fueram
573 1111 704 1170 amplexus,
720 1110 776 1156 nihil
793 1112 872 1156 melius
890 1111 928 1156 f-

71 1204 124 1237 cere
136 1205 172 1236 rne
183 1195 252 1250 posse
261 1192 394 1252 arbitrabar,
410 1205 476 1251 quam
492 1194 512 1238 si
531 1206 610 1238 omnes
626 1192 691 1238 simul
706 1197 728 1237 et
744 1191 839 1237 semele
853 1198 928 1238 mente

70 1285 121 1318 maa
138 1272 252 1329 delerem,
274 1277 299 1319 ut
322 1272 404 1319 deinde
426 1274 463 1319 vel
486 1274 542 1319 alias
565 1273 671 1319 meliores
694 1273 731 1319 vel
747 1277 809 1318 certe
828 1271 928 1327 easdem,

71 1353 112 1399 sed
134 1359 252 1413 postquam
269 1359 369 1399 maturae
390 1356 484 1400 rationis
505 1368 600 1401 examen
621 1355 756 1410 subiissent,
774 1353 927 1398 admitterem:

71 1434 236 1494 credebamque
258 1433 302 1479 hoc
323 1441 389 1493 paeto
410 1437 479 1495 longe
502 1437 580 1481 melius
604 1450 640 1482 ine
665 1435 694 1481 ad
715 1436 783 1480 vitam
800 1434 926 1494 regendam

70 1525 139 1573 posse
154 1514 285 1573 informari,
300 1529 367 1575 quarn
382 1517 403 1562 si
417 1517 501 1562 veteris
517 1517 614 1562 aedificii
634 1516 778 1562 frrudamenta
796 1517 926 1572 retinerem,

70 1593 147 1653 iisque
155 1599 239 1641 tanturn
252 1588 369 1655 principiis
384 1596 501 1653 inniterer,
517 1596 597 1655 quibus
612 1596 665 1641 olim
678 1594 782 1639 iuvenilis
793 1599 855 1638 aetas
867 1608 926 1651 mea,

70 1660 242 1735 nullo'unqoarn
261 1676 359 1721 adhibito
382 1660 486 1730 examine
506 1689 535 1722 an
558 1677 647 1721 veritati
664 1680 827 1733 congruerent,
844 1674 928 1720 credu-

67 1738 154 1799 litatem
172 1768 234 1800 snam
251 1755 388 1800 addire1·at.“
427 1754 494 1800 Adde
516 1755 609 1815 primam
625 1756 734 1814 regulam,
752 1768 816 1813 quarn
834 1757 857 1799 in
873 1768 928 1813 per-

71 1824 191 1881 scrutanda
213 1836 308 1881 veritate
330 1836 443 1881 Cartesius
468 1836 511 1882 sibi
532 1836 580 1896 ipse
597 1837 742 1896 praescripsit
756 1835 928 1895 religiosissime

71 1916 205 1961 servandam
222 1922 288 1974 atque
309 1916 345 1961 bis
368 1917 446 1962 verbis
461 1929 593 1975 expressam
608 1931 659 1977 pag.
680 1917 722 1962 lb:
748 1916 855 1974 „Primum
871 1921 928 1972 erat,

70 1999 94 2040 ut
109 1995 165 2040 nibil
182 2009 278 2055 untpram
293 1997 361 2042 veluti
374 2011 452 2043 verum
466 1997 612 2055 admitterem,
627 1999 671 2043 nisi
687 1997 746 2056 quod
760 2002 822 2042 certo
839 2002 862 2042 et
876 1999 927 2042 evi-

71 2073 151 2120 denter
172 2062 250 2120 rerum
273 2089 324 2122 esse
348 2089 523 2136 cognoscercm3
547 2077 591 2122 hoc
608 2084 650 2133 est,
667 2082 691 2122 ut
708 2090 796 2121 omnem
812 2077 926 2134 praecipi-

69 2155 161 2200 tantiam
176 2160 241 2215 atque
257 2156 437 2215 anticipationem
449 2156 472 2200 in
490 2156 611 2201 iudicando
629 2156 800 2215 diligentissime
815 2159 923 2211 vitarern3

69 2223 167 2294 nihilque
183 2230 276 2294 amplius
291 2235 436 2281 conclusione
454 2235 623 2295 complecterer,
641 2250 706 2295 quann
724 2237 784 2297 quod
799 2243 844 2284 tarn
862 2239 924 2284 clare

16 2351 19 2355 .
70 2319 92 2359 et
110 2314 213 2360 distincte
228 2317 311 2361 rationi
326 2329 391 2361 meae
407 2322 502 2375 pateret,
519 2321 543 2360 ut
558 2316 619 2361 nullo
635 2318 703 2362 niodo
720 2320 743 2362 in
760 2319 850 2365 dubium
867 2332 924 2378 pos-

69 2409 117 2441 sem
131 2401 263 2442 revocar'e.“
296 2396 406 2442 Ostendat
420 2397 489 2457 igitur
505 2397 624 2442 Petronius
639 2399 662 2442 in
673 2399 700 2443 iis
710 2399 775 2458 locis,
792 2412 849 2459 quos
865 2399 923 2444 infra

68 2477 92 2521 in
117 2476 225 2521 cumulum
249 2488 278 2520 ex
301 2476 417 2523 Hennesio
443 2479 570 2538 congessit,
593 2479 669 2524 inesse
693 2482 841 2538 sententiam,
865 2493 922 2540 quae

69 2561 168 2613 apertum
187 2556 261 2613 faciat,
277 2557 437 2604 Hermesianae
449 2559 595 2605 dubitationis
612 2562 657 2605 vim
673 2566 695 2606 et
713 2566 814 2606 naturam
831 2561 921 2605 omnino

69 2634 134 2679 aliam
151 2648 203 2681 esse
216 2641 282 2695 atque
293 2637 443 2687 Cartesianae.
475 2640 584 2700 Adiungit
595 2641 707 2685 Cartesius
723 2655 774 2701 pag.
793 2643 844 2687 lia:
862 2642 921 2699 „Nee

68 2717 181 2760 tamenin
198 2728 225 2760 eo
242 2716 359 2775 Sceptioos
374 2719 483 2777 imitabar,
500 2721 537 2780 qui
554 2720 655 2766 dubitant
669 2726 752 2766 tanturn
770 2727 794 2766 ut
811 2722 919 2775 dubitent,

68 2799 92 2838 et
113 2802 203 2853 praeter
231 2796 410 2844 incertitudinem
433 2801 504 2858 ipsam
527 2801 581 2846 nibil
604 2808 719 2859 quaerunt.
760 2803 815 2846 Nam
840 2805 918 2844 contra

68 2880 127 2921 totus
148 2878 172 2922 in
194 2890 222 2923 eo
245 2891 320 2934 cram,
344 2886 368 2925 ut
390 2882 471 2941 aliquid
493 2885 548 2927 certi
568 2884 707 2941 reperirem3
729 2887 751 2927 et
770 2881 920 2940 quemadmo-

69 2954 119 3000 dum
130 2958 183 3002 ,ficri
207 2959 281 3015 solet,
298 2972 347 3004 curn
364 2964 386 3005 in
404 2976 501 3007 arenoso
524 2963 574 3008 solo
595 2963 739 3018 aedificatur,
758 2967 803 3006 tarn
819 2962 863 3006 alte
880 2962 919 3007 fo-

69 3030 123 3077 dere
145 3037 260 3095 cupiebant
281 3041 304 3082 ut
325 3040 414 3085 tandem
439 3041 568 3087 ad'saxtnn
590 3042 626 3086 rel
648 3043 677 3086 ad
700 3041 920 3101 arg-illamperveni-

67 3119 136 3158 rent.“
180 3117 281 3163 Prol'erat
309 3127 441 3178 argumenta
468 3123 600 3179 Pcrrouius,
630 3122 708 3179 quibus
738 3123 846 3182 liquidum
869 3125 918 3178 fiat,

67 3191 206 3243 Hermesiurn
230 3199 358 3258 dubitasse,
380 3207 404 3247 ut
426 3203 551 3261 dubitaret,
574 3216 619 3248 non
641 3208 664 3247 nt
688 3209 773 3250 certum
795 3206 916 3265 inveniret,

752 3296 768 3345 3
