1979 3399
377 40 558 97 ..29-

36 183 64 229 ut
83 183 197 242 (1666661,
214 182 251 242 qui
268 181 322 228 boni
338 180 428 242 quidem
445 186 467 226 et
483 179 576 240 ingenui
593 180 661 235 sunt,
686 174 745 222 aclea
761 176 828 222 etiam
847 189 901 222 cre-

38 265 82 310 duli
100 264 221 323 extiterint,
238 268 262 309 ut
280 262 358 308 fallere
376 276 417 308 eos
433 267 511 321 posset
528 266 590 309 tanta
605 261 709 307 insamae
724 259 770 304 ris!
797 259 847 303 Non
863 257 902 314 ita,

36 345 179 405 mehercle,
202 358 240 391 res
257 357 309 392 sese
325 343 407 401 hahet,
431 354 505 400 neque
523 343 639 401 quisquam
665 342 693 388 de
711 340 831 386 Hermcsio
855 343 902 384 tam

38 427 136 474 absurda
158 430 285 473 cornmenta
308 424 396 469 referre
413 428 503 482 potest,
529 425 565 481 qui
581 437 650 468 verae
669 418 779 469 scientiae
797 425 902 465 naturam

38 516 104 571 atque
120 510 231 568 originem
247 505 375 565 perspexit,
401 503 616 562 quique-perpendit
633 508 670 548 661
686 503 733 548 vult
748 501 900 562 perpendere,

38 593 97 638 aliud
121 590 212 636 omnino
238 600 290 632 esse
311 584 399 643 16616111
421 584 443 628 16
459 584 609 642 labyrinthum
625 585 801 641 dubitationum,
823 582 860 627 161
877 583 900 627 in

39 686 66 718 66
84 674 196 715 errantem
214 668 330 722 comitari,
349 664 409 711 alind
428 675 505 709 rursus
523 675 552 707 ex
569 662 650 707 eodem
666 662 800 720 labyrintho·
811 663 901 708 felicem

41 749 250 796 661166116666116.
283 746 403 792 Pollicetur
419 744 556 801 Pcrronins,
573 756 598 788 se
615 747 710 802 postea,
738 742 798 801 quod
814 742 902 798 dixerit,

39 844 91 877 esse
108 829 246 890 argumentis
265 828 484 882 demonstraturum3
510 828 590 869 61665
608 823 678 884 igitur
695 823 723 868 de
739 823 775 868 his
791 823 845 881 ipsis
863 835 903 867 ar-

38 913 150 972 gumentis
166 910 293 956 videbimus
311 912 399 967 postea.
427 906 518 952 Interim
534 905 579 962 ille,
595 904 647 950 dum
663 904 834 950 Hermesianam
851 918 903 949 me-

38 990 130 1036 thodum
147 994 168 1034 et
183 987 348 1048 philosophiam
369 986 474 1045 pessimis
493 984 607 1030 celeribus
632 984 747 1045 depingit,
772 984 901 1030 616116611-

38 1073 134 1128 miscet,
153 1083 210 1129 quae
229 1069 306 1114 lacere
332 1072 415 1127 queant
428 1067 461 1128 'ad
479 1066 579 1111 melioris
596 1066 713 1111 notionem
730 1064 903 1110 informandam.

39 1151 108 1205 Quasi
131 1148 269 1194 16161666
287 1148 362 1192 omnia
386 1145 445 1205 apud
471 1146 612 1192 Hermesium
638 1152 717 1192 contra
742 1159 767 1192 se
796 1146 903 1192 habeant.

39 1228 227 1290 ,Frrrrdamentm‘n
250 1226 408 1287 philosophiae
432 1231 466 1271 est
488 1227 605 1271 rationalis
626 1232 648 1272 et
670 1226 806 1273 intellectiva
822 1232 901 1274 natura

38 1312 124 1357 homini
142 1312 298 1369 ingenerat-af<
323 1309 385 1353 ldem
400 1308 530 1353 llerrnesius
549 1308 624 1353 docet.
638 1308 773 1368 -„Insitae
790 1314 841 1354 sunt
855 1308 902 1353 ho-

39 1392 94 1437 mini
108 1392 193 1449 primae
211 1388 320 1448 quaedam
336 1390 451 1444 veritates,
469 1388 548 1447 quibus
565 1388 681 1447 denegare
699 1401 817 1433 assensum
829 1401 902 1433 vnemo

40 1475 122 1530 potest,
137 1470 182 1514 nisi
197 1470 224 1514 ab
241 1469 291 1527 ipsa
308 1469 414 1514 rationali
430 1473 511 1513 natura
528 1480 553 1512 se
570 1467 730 1514 abdicaveritss
763 1468 825 1514 idem
841 1468 902 1513 Her-

40 1552 124 1596 mesius
142 1549 263 1595 contendit.
294 1548 402 1599 Attamen
418 1562 445 1593 ea
463 1561 500 1593 res
517 1548 607 1593 minime
625 1548 706 1607 obstat,
724 1549 842 1608 quominus
858 1548 901 1593 du-

40 1632 119 1677 bitatio
135 1630 279 1690 hypothetica
304 1642 323 1674 s.
347 1627 476 1673 methodica
497 1628 564 1672 etiam
584 1627 614 1671 ad
630 1628 679 1673 illas
696 1630 818 1686 1161116165,
845 1642 903 1687 qnae

40 1713 125 1771 primae
141 1711 263 1767 videntur⁷
283 1711 409 1768 pertineat3
435 1714 497 1754 certe
521 1710 581 1753 enim
597 1708 725 1768 philosophi
746 1715 795 1766 est,
822 1710 845 1753 in
862 1708 904 1754 has

41 1793 102 1850 ipsas
119 1792 234 1847 ueritates,
250 1802 307 1849 quae
325 1795 348 1835 et
364 1790 442 1849 quales
459 1791 504 1836 sint
520 1793 542 1834 et
553 1802 618 1848 quam
634 1788 679 1834 1616
690 1794 789 1848 pateant,
805 1789 905 1847 diligen-

39 1875 74 1915 ter
90 1869 211 1929 inquirere,
226 1868 319 1913 easdem
336 1871 442 1921 accurate
460 1880 590 1927 secernere,
606 1871 693 1916 munire
710 1871 777 1915 etiam
795 1869 905 1914 adversus

40 1962 185 2006 quascunque
202 1947 355 1994 ditficrdtates.
393 1949 516 1994 Perronins
533 1952 553 1995 si
569 1950 629 1995 16116
646 1953 711 1996 istam
729 1951 843 1994 licentiam
858 1962 906 1994 uon

40 2028 153 2084 concedit,
169 2029 255 2086 etipsa
270 2040 309 2073 res
326 2029 348 2073 ei
365 2028 492 2087 obloquitur
514 2033 537 2073 61
555 2030 678 2075 6661611165
693 2031 906 2088 6166516611551166-

40 2122 89 2154 rum
105 2108 296 2167 philosophorum.
314 2136 345 2143 —-
361 2108 446 2165 „Qumn
463 2110 508 2152 sint
524 2109 610 2166 primae
626 2109 746 2166 ueritates,
769 2109 793 2153 in
809 2108 905 2152 ratioci-

40 2190 85 2233 niis
102 2201 149 2232 non
165 2192 200 2232 est
216 2199 352 2246 progressus
369 2188 393 2231 iu
407 2187 537 2233 irrsrnitum.“
576 2187 644 2232 Plane
660 2186 742 2233 eodem
758 2187 826 2232 modo
843 2187 906 2232 Her-

42 2268 133 2324 mesius,
145 2280 224 2326 neque
240 2266 277 2311 hic
292 2270 337 2311 tam
352 2269 440 2326 ineptus
460 2272 502 2324 est,
517 2272 548 2324 61,
565 2279 631 2324 qumn
646 2268 742 2326 primmn
759 2272 906 2327 661166666-

44 2348 95 2392 dam
110 2348 219 2406 principia
237 2347 356 2392 constituta
372 2352 430 2404 5661,
447 2347 527 2391 eadem
546 2360 624 2392 rursus
642 2347 665 2390 in
683 2346 843 2392 dubitationem
860 2346 906 2390 ad-

44 2426 117 2471 ducat.
150 2426 507 2485 Ο6611Ρ611661651661111666.
527 2426 586 2483 396,
609 2427 749 2472 Hermesimn
774 2427 856 2486 ubique
873 2428 904 2472 ita

45 2505 153 2550 inchoare
172 2506 358 2564 disquisitionem,
373 2511 397 2552 ut
415 2507 484 2552 166161
500 2506 600 2552 tobaleam
615 2520 695 2552 rusum
711 2507 809 2551 omnium
824 2507 907 2552 huma-

45 2598 124 2630 narum
139 2586 292 2644 cognitionum
307 2589 365 2647 (non
380 2590 401 2634 si
414 2590 512 2634 corninei
527 2591 584 2650 ogni
596 2590 661 2635 volta
677 2590 739 2635 afar
753 2588 837 2634 166616
845 2601 907 2634 rusa

47 2666 71 2711 di
87 2666 181 2712 1611616
196 2680 279 2711 umaue
296 2667 457 2726 conoscenze),
473 2667 497 2712 id
513 2667 569 2711 nihil
585 2671 619 2711 est
629 2666 679 2711 nisi
689 2680 774 2712 merum
789 2680 907 2712 commen-

47 2747 99 2788 tum.
130 2744 262 2802 Ubicunque
279 2744 410 2792 hermesius
426 2747 552 2807 ingreditur
569 2759 652 2792 nouam
669 2746 855 2805 discprisitionem,
870 2747 907 2791 di-

47 2822 194 2880 tigentissimo
216 2824 309 2882 respicit
325 2826 354 2870 ad
372 2828 481 2885 principia
503 2828 547 2872 iam
564 2828 699 2884 constituta,
725 2827 861 2883 omninoque
878 2827 907 2872 ad

50 2913 91 2957 66,
107 2916 164 2960 quae
182 2917 222 2963 pro
238 2905 299 2948 66115
319 2910 341 2949 61
357 2908 412 2951 16115
428 2907 534 2952 habenda
551 2920 602 2952 esse
617 2908 661 2950 iam
679 2907 852 2950 cternonstravit:
879 2907 909 2952 ad

49 2978 106 3023 haec
123 2984 251 3042 regreditur
268 2988 374 3042 tanquam
391 2986 525 3045 explorata,
552 3000 581 3031 ex
597 2986 631 3031 his
654 2990 785 3043 argunreuta
807 2988 864 3045 petit
880 3000 908 3033 eo

49 3059 134 3118 mode,
162 3076 227 3121 quma
245 3076 301 3108 5666
317 3066 453 3122 praescribit
470 3066 605 3122 clialectica,
634 3069 656 3108 61
672 3072 746 3109 novae
763 3069 909 3125 (6166566665

49 3142 177 3196 6166651166
192 3143 351 3190 5616611161..-
372 3145 503 3202 ,Criterium
520 3144 672 3204 certitudinis,
695 3144 775 3194 saltem
791 3147 815 3192 in
826 3149 909 3207 primis
