1979 3399
377 113 581 167 *πθ-

114 250 159 297 Sed
175 254 250 297 lamen
267 252 387 310 impetrare
402 267 415 298 a
428 254 494 298 uobis
512 266 558 298 non
574 264 700 311 possumus
716 254 836 311 quominus
853 254 908 299 rluas

51 342 88 375 rcs
107 331 246 376 adiiciaums
279 331 327 377 Uua
341 344 398 389 quae
410 332 539 376 Perrouinm
556 332 626 389 ipsum
642 331 723 390 (tripiici
735 332 827 375 nomine
840 334 909 377 attin-

51 411 90 468 git,
105 409 163 455 baec
175 414 224 455 est:
242 410 356 454 illohlcrus
374 411 395 454 in
411 410 538 468 symbolica
549 423 588 455 sna
605 412 683 456 scribit
692 415 728 468 ¹J:
747 411 852 469 Tbeolopi
868 425 908 456 co.

51 488 127 533 titolici
150 487 252 542 ririonimi
274 498 385 532 cortsensn
407 491 429 531 et
449 488 612 544 proconesio,
636 493 661 532 nt
680 502 710 533 eoo
729 489 780 547 ipso
798 490 909 535 ecclesiae

50 567 138 625 inperito
150 566 301 624 consepelitur,
317 565 403 619 docent,
420 564 494 622 ipsane
510 564 612 611 biblicam
627 567 835 614 demonstrationem
852 577 908 625 (ec-

52 647 148 704 ciesiae)
163 646 187 690 in
200 647 297 701 decreto,
315 645 375 704 prrod
385 657 431 703 pro
444 645 557 704 infallibili
573 647 674 703 liabetur,
692 661 737 692 non
754 662 804 694 esse
820 649 908 708 imbelli-

52 727 125 781 bilem,
142 727 183 772 sed
199 726 351 772 tantummodo
366 726 438 784 ipsum
455 726 537 785 dogma
555 726 711 772 declar·atum.“

114 806 240 853 Secumlum
257 805 382 852 bliihlerum
402 805 603 851 celebratissimum
612 805 740 864 theologum
756 805 823 863 igitur
839 807 907 851 tlroo-

52 887 99 947 logi
114 886 221 931 catholici
240 886 340 932 unanimi
358 898 473 931 consensu
490 885 594 943 tradunt,
617 885 749 941 ecclesiam,
773 899 821 930 cum
838 887 908 931 bibli-

52 980 102 1011 cam
120 966 335 1011 demonstrationem
352 966 470 1010 exhiberet
487 966 519 1021 [si
539 970 692 1024 argumentum
713 978 742 1009 ex
757 965 819 1009 libris
836 967 908 1009 sacris

53 1044 207 1104 depromptum
220 1049 353 1104 proponat),
370 1045 393 1088 in
402 1044 445 1088 bac
455 1056 532 1089 errare
541 1056 615 1102 posse.
633 1043 677 1088 Cur
687 1042 754 1102 igilur
764 1045 861 1089 ecclesia
872 1050 910 1093 aut

52 1138 150 1169 sunmms
166 1124 275 1182 pontifex,
291 1137 340 1169 curu
357 1125 431 1182 agitur
447 1124 475 1168 de
494 1123 607 1168 intellectu
620 1123 670 1168 libri
683 1123 776 1169 alicuius
788 1125 911 1178 nousacri,

52 1217 98 1249 non
114 1203 199 1259 biblici,
215 1203 279 1248 verbi
297 1216 365 1248 causa
379 1203 486 1248 librorum
495 1204 701 1261 chnesiauorum,
718 1217 796 1249 errare
810 1216 855 1248 uon
868 1217 912 1262 po-

52 1285 145 1329 terunt?
161 1284 285 1329 bliiblerum
303 1283 325 1327 h.
342 1283 373 1339 1.,
394 1288 418 1328 ut
435 1285 529 1342 quisque
545 1284 656 1342 intelligit,
672 1284 837 1329 distinctionem
856 1286 911 1330 iuris

54 1369 77 1408 et
93 1364 147 1408 sacti
166 1365 319 1422 prormntiare,
336 1363 359 1407 id
375 1363 520 1408 memorabile
535 1376 582 1408 non
599 1369 641 1419 est,
658 1377 731 1422 neque
749 1364 777 1408 ob
795 1377 844 1408 eam
862 1378 909 1408 rem

53 1445 112 1489 lnme
126 1444 199 1488 locmu
212 1445 235 1488 in
245 1442 342 1488 medium
352 1443 491 1501 protulimus,
505 1444 546 1488 sed
558 1443 611 1488 illud
622 1443 768 1488 memorabile
778 1449 819 1501 est,
831 1458 843 1488 a
854 1445 910 1489 Per-

52 1524 118 1568 ronio
130 1523 225 1567 eandem
236 1522 295 1567 bano
303 1520 451 1580 symbolicum
461 1522 648 1567 Franco-Gallice
661 1523 689 1566 ab
699 1521 796 1566 Aebutio
810 1536 910 1568 couver-

54 1615 101 1646 sam
111 1601 238 1656 lectitatum,
254 1605 276 1645 et
290 1600 312 1644 iu
325 1601 374 1659 ipsa
383 1601 443 1645 Urbe
455 1601 566 1659 publicam
581 1602 756 1659 praelectionem
767 1602 865 1648 babilam
881 1604 909 1648 ab

53 1683 103 1740 ipso
120 1686 142 1725 ct
157 1681 215 1739 typis
229 1680 354 1739 evulgatam
372 1693 423 1725 esse
434 1684 464 1738 ²),
479 1681 502 1725 in
519 1694 561 1739 qna
576 1680 633 1726 liber
648 1681 683 1726 ille
692 1681 802 1727 bloehlcri
818 1685 911 1742 egregio

53 1760 163 1805 laudatur,
195 1760 219 1806 Si
232 1760 301 1818 igitur
317 1759 374 1807 liaeo
392 1759 504 1804 distinctio
520 1764 564 1804 tam
578 1760 642 1817 salsa,
660 1765 703 1804 tam
713 1763 849 1819 perniciosa,
865 1769 910 1808 tam

54 1841 161 1899 pestilera
182 1844 224 1897 est,
243 1853 283 1884 cur
298 1839 418 1884 Perronius
433 1839 465 1884 ibi
481 1839 564 1896 tacuit,
580 1853 620 1884 eur
636 1852 682 1884 non
699 1840 766 1885 ctiam
787 1841 912 1888 bibblerum

54 1922 77 1965 in
102 1920 234 1965 lansenistis
256 1918 349 1963 retulit?
374 1918 419 1964 Sed
439 1919 560 1964 Pcrronins
581 1924 655 1978 spreta
680 1918 756 1964 laudat
777 1921 911 1981 laudataque

52 2000 144 2059 spernit,
161 2001 203 2057 ius,
218 2000 361 2058 aerpritatem,
377 1998 449 2058 leges,
465 1998 581 2057 pudorem,
598 2000 673 2045 omnia
686 2011 768 2057 susque
778 2001 851 2060 deque
867 2003 911 2048 ha-

52 2080 98 2138 bet,
118 2092 146 2122 ne
163 2079 276 2135 pessimae
289 2089 372 2121 causae
387 2077 483 2121 victoria
501 2076 613 2135 eripiatur.

115 2158 154 2202 liis
170 2157 277 2215 expositis
294 2156 323 2200 ad
340 2155 431 2199 aiteram
448 2168 495 2199 rem
512 2160 658 2202 transeamus.
677 2158 731 2203 Orta
748 2164 782 2203 est
799 2165 850 2205 ante
867 2175 910 2206 an-

53 2250 95 2282 nos
117 2237 164 2280 fere
189 2236 298 2279 ducentos
321 2238 343 2278 et
361 2234 521 2292 quinquaginta
544 2237 567 2279 in
592 2236 689 2281 ecclesia
716 2238 826 2284 catholica
849 2254 908 2286 con-

53 2317 165 2361 troversia
182 2313 337 2365 celeberrima,
354 2324 411 2369 quae
427 2323 471 2355 una
487 2324 513 2355 re
529 2317 591 2356 certe
608 2316 726 2360 maximam
746 2330 796 2362 cum
812 2318 909 2364 Herme-

54 2397 118 2440 siana
135 2392 299 2440 similitudinem
315 2390 389 2435 habet.
410 2388 466 2434 Nam
485 2390 564 2447 quibus
583 2392 676 2451 artibus,
694 2395 773 2453 quibus
793 2397 909 2445 baudibus

54 2476 77 2520 in
100 2488 128 2520 ea
152 2477 259 2518 certatum
280 2470 315 2526 sit,
337 2468 360 2514 id
377 2480 465 2513 onruem
486 2470 647 2528 cogitationem
662 2487 770 2532 superare
786 2476 910 2536 uideretur,

54 2555 98 2598 uisi
114 2553 194 2597 eadem
213 2551 287 2595 onmia
303 2549 326 2592 in
343 2560 412 2592 causa
428 2547 575 2593 Hermesiaua
595 2551 623 2594 ab
645 2551 781 2598 adversariis
799 2556 908 2602 adhibitas

55 2645 108 2678 esse
123 2631 264 2681 vidissemus.
289 2627 369 2672 Actum
388 2631 423 2671 est
443 2628 509 2672 etiam
533 2629 561 2672 dc
580 2629 720 2675 distinctione
735 2633 793 2677 iuris
809 2637 910 2696 etfacit,

60 2755 279 2767 .-.--·--—--·

136 2847 186 2880 est.“
215 2841 251 2878 His
267 2838 319 2876 adde
338 2837 440 2880 indicium
462 2841 553 2892 theologi
567 2842 655 2880 Romani
669 2841 694 2879 de
708 2854 763 2882 stam
779 2850 908 2899 quaestionis

131 2915 189 2951 cirea
201 2924 283 2950 causam
291 2908 399 2946 doctrinae
409 2910 556 2950 Hernresianae
568 2909 622 2958 quod
631 2910 651 2946 in
665 2913 714 2947 netis
724 2915 816 2952 Romanis
832 2920 882 2967 p.21
892 2934 907 2958 s,

135 2988 200 3019 exstat
216 2986 236 3017 et
246 2979 307 3015 babes
321 2978 413 3027 exempla
423 2990 447 3014 ex
461 2978 590 3029 scriptoribus
605 2978 714 3018 etiamnum
727 2983 779 3020 inter
794 2987 848 3024 vivos
862 3002 910 3027 ver-

131 3051 221 3089 santibus
237 3056 258 3086 et
272 3046 406 3085 orthodoxiae
421 3048 474 3085 fania
490 3048 615 3085 florentibus.

99 3123 118 3174 1)
133 3122 228 3159 Doctrina
244 3117 393 3156 Catholicortun
409 3117 433 3154 de
449 3119 532 3155 ecclesia
549 3118 564 3169 p.
579 3118 610 3155 36.

97 3193 118 3245 2)
133 3205 150 3230 v.
164 3191 238 3228 Annali
254 3187 307 3226 delle
321 3186 403 3224 Scienze
418 3188 518 3237 religiose.
533 3188 645 3224 novembre
660 3202 670 3226 e
688 3190 798 3232 Decembre
816 3196 872 3235 1837.
