1979 3399
430 98 620 147 -nm-

50 223 52 227 ’
102 250 147 295 quo
166 235 275 283 consistat
296 234 409 295 proceandis
433 234 541 280 dnbitotio
564 234 631 279 oeci
645 234 839 292 pbilosopbi5
864 240 887 282 et
901 235 960 281 lianc

104 317 176 376 ipsum
197 315 270 360 locum
286 314 394 360 Silbortns
411 314 602 371 Vindoboneusis,
617 313 803 374 quemadmodum
818 320 887 360 totum
905 329 961 376 opus

103 396 227 442 Theodisce
243 399 317 454 vertit,
332 402 355 442 et
370 401 441 443 totum
457 396 502 442 hoc
518 409 574 455 opus
585 395 691 449 lllclnstus
703 394 875 442 Ratisbonensis'
888 397 961 442 ederi-

107 478 158 523 dum
174 478 282 536 suscepit,
298 482 363 537 atque
380 482 481 537 uterque,
497 482 520 523 et
535 475 640 522 licitatus
650 481 672 522 et
682 475 791 521 Silbertns
805 476 865 522 lnmc
881 477 961 523 librum

104 560 333 617 commendaverunt,
359 560 570 605 coriamerrdooernnt
592 563 699 616 tunqnom
724 558 806 616 optime
828 559 962 616 refutantem

102 654 247 699 quoscunque
263 653 355 685 errores
370 639 490 698 personati
501 638 643 697 postulacioni,
659 652 703 697 qno
717 644 798 683 nostru
814 644 878 682 coetus
894 637 962 683 lobo-

102 726 145 766 rot.
187 721 225 768 Sic
251 719 332 767 eadem
357 719 458 765 doctrina
483 721 505 764 in
529 718 646 764 Hermesio
669 719 833 779 proscribitur,
856 734 914 780 quae
938 721 961 765 in

102 803 216 849 Fenelonc
230 802 341 860 laudatur,
357 802 391 847 510
405 806 529 860 personato
542 801 684 859 pontiacismo
701 802 826 847 doctrinam
843 808 865 847 et
881 807 962 847 arieto-

103 885 191 930 ritatem
208 883 329 929 Fenolonis
344 888 472 942 opponunt⁷
489 882 540 927 dum
556 882 637 928 eodem
653 888 754 950 tempore
769 881 899 930 Hermesius
918 882 962 927 de-

104 967 222 1027 movetur,
243 976 317 1022 eoque
341 963 437 1008 eundem
457 963 619 1027 pandreismum
640 961 711 1007 libere
727 965 807 1022 vagari
821 965 962 1023 permittuut3

101 1047 135 1092 sic
151 1057 197 1090 una
213 1057 280 1089 manu
294 1047 395 1090 vastatur
409 1044 468 1101 quod
485 1044 554 1089 altera
571 1043 638 1089 modo
655 1045 787 1090 seminatum
804 1051 852 1092 erat
863 1051 891 1103 1).

165 1124 210 1171 Sed
234 1129 320 1184 tempus
347 1129 381 1170 est
404 1124 433 1169 ad
450 1124 599 1183 ,1100001105ιζ
622 1124 748 1184 redeundi,
775 1139 805 1171 ue
829 1127 845 1173 11
867 1130 960 1173 ounrino

105 1206 267 1266 relinquantur.
300 1205 448 1266 „Nonnullosss
471 1205 522 1250 illos
544 1204 647 1264 aprimo
669 1207 750 1253 timore
765 1208 927 1268 respiravisse‚
949 1223 961 1253 a

103 1288 211 1333 Perrouio
237 1287 424 1346 quemadmodum
454 1287 550 1331 vidimus
573 1286 666 1332 relatum
683 1294 724 1334 est.
776 1289 821 1336 Sed
845 1292 961 1349 quiscum

104 1369 213 1414 Perronio
229 1369 415 1422 cornmunicavit,
433 1381 473 1413 cos
490 1368 570 1413 timore
583 1373 661 1427 captos
678 1370 747 1414 esse?
770 1370 815 1415 lam
828 1372 847 1416 51
864 1371 961 1430 aprimo

103 1453 187 1497 timore
211 1451 394 1510 respiraverunt,
418 1463 495 1495 uenire
520 1450 593 1495 denuo
615 1450 694 1495 timore
720 1451 803 1510 corripi
819 1453 962 1510 potuerunt?

104 1531 248 1589 Quantopere
265 1530 300 1575 vis
317 1533 340 1574 et
355 1534 426 1575 ructus
442 1529 590 1589 gravissimas
605 1529 718 1575 hominum
735 1533 837 1578 actiones
848 1538 961 1590 moveant,

102 1612 148 1658 hoc
165 1612 273 1658 Perronio
290 1612 387 1657 fortasse
405 1610 519 1671 cognitum
537 1615 578 1656 est.
607 1611 662 1656 ltem
679 1611 750 1657 fuisse
768 1614 872 1672 antiquos
889 1628 961 1673 quos-

106 1694 158 1740 dam
177 1695 331 1754 philosophos,
348 1692 515 1751 portunensem,
534 1694 584 1738 sine
599 1707 640 1751 spe
658 1706 704 1739 non
719 1707 771 1739 esse
788 1700 877 1752 ratetum,
890 1698 959 1741 item-

103 1788 148 1835 que
164 1775 271 1820 loormem
281 1773 414 1834 Apostolum
430 1786 516 1832 negare
527 1775 630 1818 timorem
641 1787 693 1819 esse
709 1776 732 1819 iu
749 1775 877 1834 dilectione,
893 1779 960 1822 item-

104 1869 147 1914 que
156 1854 314 1901 Tertullianum
325 1855 409 1900 docere
423 1853 483 1899 lrunc
494 1854 595 1899 timorem
605 1867 657 1899 esse
668 1855 795 1914 negationis
808 1863 922 1903 auctorem
929 1865 959 1916 2],

103 1937 202 1996 itemque
216 1937 327 1984 Senecam
344 1935 445 1982 scribere
462 1934 566 1993 „desines
588 1936 675 1994 timere,
693 1937 714 1982 si
732 1949 824 1996 sperare
842 1939 959 1984 (1105101151ί

103 2017 138 2062 Ac
156 2031 212 2063 sane
229 2016 415 2077 quemadmodum
437 2015 473 2060 nis
494 2020 516 2061 et
532 2021 603 2060 rinctus
624 2017 652 2061 ab
674 2031 719 2063 uua
742 2023 821 2077 parte,
844 2033 873 2064 ex
889 2021 959 2066 altera

101 2112 155 2156 spos
172 2098 264 2144 efficere
281 2104 356 2159 potest
372 2111 430 2157 quae
446 2097 541 2144 liberum
556 2097 662 2143 iudicium
677 2098 767 2144 turbent
786 2104 808 2144 et
825 2100 959 2159 probitatem

103 2179 199 2223 actionis
215 2178 331 2224 cuiusdam
348 2176 480 2223 dissolvant.
521 2176 607 2222 Evolve
629 2177 699 2224 libros
719 2193 738 2225 s.
755 2179 886 2239 Hieronymi
903 2187 925 2227 ct
939 2197 957 2229 s.

103 2258 257 2317 Cbrpsostomi
272 2264 295 2304 et
313 2259 381 2317 audi,
398 2271 455 2317 quac
471 2259 515 2303 iam
533 2257 593 2303 facta
611 2260 667 2318 sint,
685 2273 742 2319 quae
758 2261 860 2307 homines
877 2277 890 2308 a
906 2276 958 2310 sese

101 2341 286 2398 impetraverint,
308 2344 332 2384 ut
346 2340 370 2384 in
387 2339 505 2384 infularum
521 2341 690 2398 possessionem
705 2345 814 2387 venirent.
848 2344 925 2397 Quid?
939 2345 958 2390 si

102 2417 264 2470 llermesipnus
281 2418 360 2476 aliquis
374 2417 418 2462 lrac
434 2431 474 2476 spe
491 2418 542 2463 duci
558 2433 584 2464 se
600 2432 679 2477 passus
696 2425 744 2477 est,
771 2436 798 2468 ac
817 2425 836 2469 si
853 2424 912 2469 idem
928 2426 958 2470 ti-

102 2498 164 2555 muit,
182 2510 211 2541 ne
230 2496 433 2542 Hermesianismus
456 2496 543 2541 obicem
561 2484 678 2544 'adversus
694 2500 822 2548 cathedram
838 2505 959 2565 episcopa-

101 2581 145 2626 lem
165 2579 284 2635 obiiceret⁷
302 2582 324 2622 et
342 2577 361 2622 si
379 2576 439 2621 idem
456 2577 489 2621 sic
506 2590 588 2622 nornen
606 2578 754 2640 subscripsit?
786 2585 844 2639 Quid
860 2591 913 2643 tum,
929 2587 958 2631 mi

102 2661 213 2707 Perveni?
234 2660 258 2706 Si
274 2657 334 2704 idem
346 2658 475 2716 scripsisset
491 2665 547 2711 (non
560 2659 603 2704 nisi
618 2673 658 2718 per
673 2661 807 2721 hypothesin
822 2665 957 2724 loquimur):

104 2723 293 2800 „adirent‘ipsum
311 2752 329 2784 s.
346 2743 440 2799 patrem,
455 2738 540 2783 tristem
556 2740 577 2784 ei
595 2753 669 2787 rerum
686 2744 838 2809 conditionem
852 2752 958 2793 accurate

98 2844 313 2853 W—

145 2897 164 2949 1)
181 2895 330 2933 Pantheismum
341 2897 400 2934 etiam
414 2896 436 2932 in
449 2895 551 2944 Belgarum
566 2910 626 2947 regnu
641 2899 717 2937 radices
731 2913 795 2950 agere,
808 2901 906 2953 probatur
918 2902 957 2940 hoc

180 2965 266 3003 libello:
290 2968 321 3003 Un
335 2967 416 3003 <letales
430 2971 472 3002 rrrot
487 2965 497 3000 a
511 2966 536 3003 111.
550 2968 636 3014 Alaeus,
657 2984 683 3007 ou
698 2972 793 3009 Examen
808 2971 832 3008 de
846 2965 865 3008 ld
879 2974 957 3010 Morale

178 3035 337 3087 philosophique
351 3037 376 3073 do
391 3023 521 3074 'Panitzt'tsme
534 3049 570 3086 par
582 3038 609 3076 A.
624 3040 669 3077 Tits
688 3042 753 3090 prblre
770 3041 797 3078 du
821 3041 913 3081 dioecese
931 3043 956 3079 de

180 3105 239 3156 Liige
256 3114 277 3144 et
296 3107 411 3158 professeur
429 3107 440 3141 1
461 3105 479 3141 la
497 3105 571 3146 lacuna
587 3109 612 3146 de
626 3110 740 3161 'theologie
755 3111 779 3148 de
793 3113 916 3152 l'universitd
931 3113 956 3150 de

181 3175 278 3213 Louvain.
304 3178 394 3213 Louvnin
409 3176 466 3212 1841.

142 3245 162 3294 2)
178 3245 263 3283 'lcrtull
278 3254 347 3285 contra
360 3248 466 3285 Gnostices
482 3247 590 3297 scorpiace
