1979 3399
409 60 592 111 ...35-

68 200 235 260 euscripsimos
267 201 348 266 Agitur
363 200 392 248 de
407 203 443 247 ria
464 217 491 248 ac
508 204 603 261 ratione,
615 214 663 262 gua
675 200 703 246 ad
714 201 837 261 perlectam
847 202 925 248 seion-

69 283 121 328 tiam
146 283 297 344 theologicam
322 286 474 343 perveniatur.
491 285 591 343 -Agitur
618 285 647 329 de
670 283 753 341 rnodo,
775 297 820 343 quo
841 286 925 330 institui

69 370 173 424 oporteat
187 379 233 411 non
250 365 424 421 multitudinem,
439 379 486 409 non
502 365 589 424 vulgus,
606 366 647 411 sed
664 379 705 411 eos
719 365 832 425 homines,
848 369 884 425 qui
901 369 924 412 in

70 444 220 491 dubitationes
242 443 379 517 ingiderint,
398 456 439 489 eos
457 444 522 488 etiam
545 472 575 479 —-
601 450 623 490 et
639 447 667 493 de
679 449 715 493 liis
733 448 830 494 maxime
848 462 925 495 sermo

68 530 103 570 est
118 551 156 583 -,
172 526 210 584 qui
226 523 345 583 aliquando
357 523 425 569 futuri
448 524 492 569 sint
507 524 623 583 religionis
637 531 746 588 magistri.
777 531 854 577 llonet
866 530 926 576 llor-

68 606 167 661 mesius,
183 605 324 650 commistis
341 615 388 649 non
404 604 498 650 celanda
515 619 566 651 esse
583 620 619 664 ea,
635 622 692 666 quae
710 612 870 658 dubitationem
887 614 926 658 in-

69 686 165 732 iecerint
179 691 216 730 aut
230 685 325 730 iniicere
342 686 442 745 possint,
458 686 500 732 sed
518 688 541 732 iu
556 687 652 733 medium
667 690 811 749 proferenda,
827 700 851 738 ut
867 695 927 739 ado-

69 768 183 812 lescentes
204 765 325 811 litterarum
346 764 442 811 studiosi
463 765 492 810 ad
513 766 707 826 perscrutandum,
724 771 752 814 ad
769 772 927 830 perfectiorem

71 847 210 905 scientiam,
220 857 281 906 ‘quae
302 851 394 905 superat
418 846 582 905 dubitationeS,
596 848 696 894 studiose
713 852 865 909 quaerendam
881 854 928 898 im-

72 925 201 1000 pellantur,
211 933 250 985 ut,
272 940 338 986 quum
354 927 393 971 tali
412 928 506 972 scientia
525 927 612 973 demum
628 929 705 976 imbuti
722 932 819 991 fuerint,
840 935 928 995 possint

71 1015 175 1061 ouuribus
191 1018 303 1061 rationem
317 1013 422 1070 reddere,
440 1013 591 1059 dubitantibus
606 1014 763 1074 respondere,
779 1029 829 1060 cum
843 1016 928 1062 adver-

71 1098 137 1144 sariis
157 1099 180 1142 in
201 1110 293 1142 arenam
316 1095 475 1160 descendere,
498 1095 631 1155 religionem
655 1095 743 1140 idoneis
769 1098 836 1140 arinis
861 1101 925 1141 tueri.

71 1179 117 1226 Sed
131 1179 205 1238 placet
219 1170 294 1223 locum
311 1178 382 1237 ipsum
399 1177 473 1222 denuo
492 1190 613 1236 apponere,
631 1184 654 1223 et
667 1180 697 1223 ita
709 1177 805 1241 quirijrr,
819 1182 846 1223 ut
857 1178 928 1224 verba

72 1259 151 1314 litteris
169 1260 264 1304 cursivis
288 1263 326 1304 aut
344 1259 472 1303 maiusculis
492 1271 505 1302 a
523 1258 631 1303 Perronio
656 1259 739 1317 scripta
762 1259 928 1305 eodemmodo

73 1340 231 1398 significemus.
265 1338 376 1398 Quidquid
394 1340 458 1384 uncis
474 1339 583 1384 inclusum
601 1344 648 1396 est,
670 1339 693 1384 id
709 1340 830 1384 Perronius
846 1337 927 1385 omisit.

73 1421 203 1467 llermesius
219 1420 286 1480 igitur
301 1425 418 1478 postquam
435 1423 633 1479 commemorarit,
651 1433 677 1464 se
692 1421 725 1464 eis
732 1425 746 1474 ,’
760 1421 838 1477 quilurs
854 1400 927 1465 simile

71 1501 186 1560 ingenium
203 1499 274 1545 simile
291 1500 426 1544 desiderium
441 1500 554 1557 indiderit,
570 1500 628 1545 velle
643 1500 714 1545 libros
732 1513 786 1545 suos
802 1514 929 1546 consecra-

73 1585 109 1625 tos
127 1593 195 1637 esse,
216 1585 239 1624 et
258 1580 353 1624 maxime
372 1582 406 1624 eis
421 1582 582 1636 consecratos,
606 1582 643 1638 qui
659 1580 710 1625 olim
727 1581 797 1638 ipsius
813 1581 928 1626 auditores

8 1673 34 1705 .·
73 1660 182 1717 fuissent,
199 1660 231 1704 sic
248 1661 336 1718 pergit:
354 1660 438 1718 „Spero
457 1674 492 1704 me
514 1661 538 1704 in
559 1660 593 1704 bis
616 1661 688 1705 struite
704 1661 839 1705 desiderium
862 1667 930 1719 atque

73 1741 130 1785 itlrrd
144 1739 204 1798 qood
219 1745 270 1783 arat
285 1741 309 1783 ia
325 1754 367 1793 mc,
384 1768 415 1775 —
431 1756 464 1788 aa
480 1742 579 1801 bisogno
596 1742 677 1788 simile
694 1742 720 1787 ol
729 1746 776 1789 ario
787 1770 824 1801 —-,
843 1744 863 1787 si
880 1756 927 1787 urm

74 1822 118 1866 iam
134 1825 314 1879 apportaverunt,
332 1820 480 1876 excitavisse;
503 1827 534 1877 [et
550 1823 615 1880 crqtio
630 1823 670 1878 eis,
689 1826 712 1865 ut
728 1822 842 1866 desiderio
859 1825 929 1868 satis-

75 1903 119 1958 fiat,
135 1901 284 1946 adiumentum
300 1901 380 1946 afferre
396 1902 486 1960 scriptis
504 1903 568 1958 meis,
585 1903 649 1960 siqua
664 1903 687 1946 in
703 1907 766 1960 parte
781 1902 864 1948 facturn
881 1916 927 1948 nou

76 1982 142 2026 luerit
158 1987 239 2038 ore¹)]
257 1982 304 2027 ,ue
328 1982 377 2040 quis
402 1981 486 2026 iudicet
504 1994 635 2039 perversum
658 1995 725 2038 esse,
742 1983 871 2039 desideria,
893 1985 931 2029 ael

76 2063 136 2119 qrrod
156 2063 199 2106 boc
219 2064 267 2106 loco
284 2063 342 2105 idem
356 2062 429 2118 oulet,
452 2061 501 2105 Do
514 2061 526 2103 b
539 2061 727 2104 itrttiortes
745 2089 774 2095 -
790 2062 899 2122 bisopnt,
915 2079 930 2109 o

77 2158 123 2204 per
138 2143 203 2189 dir-lo
218 2142 259 2189 col
276 2157 335 2188 uero
350 2156 424 2189 senso
440 2141 507 2188 dello
522 2141 618 2201 parato,
632 2141 656 2187 D
666 2156 682 2186 a
691 2141 705 2186 b
715 2141 750 2196 bt
767 2168 797 2173 κ
821 2143 930 2202 excitare,

78 2263 296 2274 Μ

87 2344 90 2349 ·
132 2330 152 2383 1)
167 2330 279 2366 Hernresius
296 2329 357 2376 igitur
370 2339 411 2363 nou
427 2326 491 2363 uoluit
505 2332 582 2363 tanturn
606 2328 698 2365 excitare
713 2327 813 2364 desideria
828 2328 931 2378 (bisogni),

158 2402 194 2438 sed
209 2402 301 2437 excitatis
309 2399 368 2435 etiam
377 2398 504 2448 satisfacere.
532 2398 578 2433 Non
589 2398 609 2433 id
624 2411 684 2434 unum
696 2399 776 2435 el'fieere
790 2399 862 2443 voluit,
877 2400 933 2450 quod

158 2472 234 2522 optime
249 2470 321 2508 suadet
334 2469 445 2514 Cartesius,
467 2476 489 2505 ut
504 2469 606 2506 ariditates
628 2469 728 2508 discerent
749 2470 852 2516 dubitare,
870 2477 932 2521 atque

158 2545 197 2591 lioc
212 2543 271 2582 modo
287 2543 369 2587 sentire,
383 2553 441 2592 quam
456 2541 570 2589 indigerent
586 2541 653 2577 altiori
669 2542 766 2586 scientia,
781 2541 817 2577 sed
832 2543 891 2578 etiam
906 2543 933 2578 il-

158 2615 195 2650 lud
209 2618 306 2664 sequutus
322 2619 353 2648 est
371 2618 432 2661 atque
448 2623 472 2648 eo
488 2612 587 2662 impendit
604 2617 685 2662 operam
703 2627 771 2658 suam,
789 2621 812 2651 ut
831 2613 933 2651 discerent

159 2684 236 2723 soluere
256 2682 393 2720 dubitationes
412 2689 433 2720 et
454 2682 582 2720 difficultates
601 2677 714 2733 quamlibet
729 2685 814 2730 multas,
830 2692 852 2721 ut
866 2683 932 2720 ‹lisce-

161 2761 206 2792 rent
226 2754 305 2791 felicem
326 2767 351 2792 ex
365 2755 390 2791 iis
404 2756 479 2791 exitum
493 2755 532 2805 ipsi
547 2755 651 2799 invenire,
672 2761 695 2791 ut
709 2754 745 2791 hac
762 2754 852 2794 ratione,
867 2766 933 2802 quum

160 2833 220 2863 antea
242 2825 304 2861 antini
326 2837 394 2862 eorum
412 2826 453 2863 sive
470 2827 556 2862 multum
578 2826 618 2862 sive
639 2837 709 2874 parum
731 2825 822 2861 commoti
840 2825 932 2867 fuissent,

162 2909 205 2933 eam
220 2895 259 2932 sibi
272 2901 366 2944 pararent
380 2897 514 2941 securitatem,
528 2908 580 2946 quae
594 2895 696 2932 severioris
713 2894 773 2931 studii
789 2899 808 2930 et
822 2895 933 2943 perlectio-

149 2969 187 3005 -ris
209 2968 304 3005 scientiae
321 2968 476 3019 pretiosissimus
494 2969 569 3005 fruetus
589 2973 622 3004 est
652 2966 692 3001 Cur
708 2965 814 3001 Perronios
834 2964 855 3001 id
869 2979 932 3003 unum

113 3047 116 3052 ’
162 3042 309 3082 commemorat,
324 3036 448 3075 Hermesiunr
463 3038 551 3075 uoluisse
566 3037 651 3074 excitare
667 3033 778 3071 desideria?
794 3047 830 3072 cur
844 3036 938 3082 alterum,

146 3125 149 3133 ·
162 3108 217 3158 quod
231 3107 353 3156 adiungitur,
368 3108 466 3158 quodque
480 3121 547 3146 verum
567 3109 625 3146 linem
639 3105 742 3143 llrrmesio
757 3106 882 3158 prasposituru
899 3108 935 3145 de.

164 3177 232 3226 clarat,
246 3179 327 3217 silentio
341 3177 498 3228 praetermittit?
