1979 3399
431 69 611 123 ...68-a

90 224 109 258 s.
126 212 224 260 Thomas
249 212 364 274 Aquinas,
387 222 407 255 s.
428 209 601 267 Beneuentum,
625 211 736 257 innumeri
760 210 797 258 alii
813 209 946 258 Scholastici

89 307 141 340 earn
158 296 187 340 ob
202 307 292 340 causam
309 305 422 352 nunquam
437 292 461 337 in
474 292 625 351 suspicionem
639 291 729 337 adducti
740 299 798 351 sunt,
816 293 875 353 quod
886 305 946 353 gen-

87 378 149 422 tilem
169 374 324 436 philosophum
346 378 464 433 tantopere
483 363 585 420 admirati
610 378 661 418 sunt
685 374 778 433 eiusque
802 374 883 433 placita
904 386 945 420 sua

90 458 200 503 fecerunt.
234 457 276 509 Qui
291 455 366 515 igitur
375 456 484 502 Petronio
502 457 578 502 licebit
599 456 644 502 hoe
659 456 751 501 nomine
767 458 790 500 in
805 456 944 502 Hermesium

89 537 230 596 suspiciones
249 536 365 582 movere?
430 571 432 576 .

150 616 195 663 Sed
214 629 322 660 rerumne
339 621 390 675 est,
408 616 466 661 inter
482 617 623 662 llermesium
637 622 659 662 et
674 616 749 662 Kantii
764 615 887 675 Ficlrtiique
904 626 945 673 sy-

51 683 54 691 ²
87 701 182 743 stomata
204 711 255 743 eam
277 698 389 743 rationem
411 698 497 757 fuisse,
525 712 590 756 quam
615 699 734 743 Petronius
751 697 864 758 ingessit?
884 695 944 741 Nihil

86 780 159 839 magis
182 779 262 824 falsum
280 785 330 837 est,
347 793 412 838 qnam
436 779 480 825 hae
505 780 644 838 calumniae,
669 778 841 838 nequeinulla
858 778 944 823 aliare

85 861 160 905 minus
176 874 241 919 quam
256 861 279 905 in
296 860 340 905 liae
356 860 463 906 Perronio
481 861 583 920 contigit,
599 874 677 906 ueram
695 862 729 906 rei
746 861 858 905 rationem
876 860 944 904 obte-

85 954 150 1001 gere.
184 943 288 987 Ceterum
306 955 332 986 ea
349 942 413 999 ipsa,
433 955 490 1000 quae
510 932 569 986 idem
584 942 684 987 narravit
700 940 729 986 de
744 940 854 985 Hermesii
869 940 943 999 placi-

84 1022 122 1079 tis,
139 1022 167 1067 de
183 1022 263 1067 liantio
280 1016 302 1067 et
318 1021 412 1082 nonno,
429 1028 474 1067 tam
489 1023 564 1082 inepte
581 1023 668 1083 prolata
685 1026 745 1079 sunt,
762 1026 807 1066 tam
823 1022 942 1080 perspicue

83 1103 189 1162 produnt,
207 1116 272 1160 quarn
284 1102 349 1160 male,
365 1103 546 1161 immopessime,
564 1104 599 1148 his
616 1103 645 1148 de
661 1102 729 1147 rebus
739 1086 859 1146 Perronius
877 1114 942 1145 corn-

84 1184 180 1241 pererit,
204 1187 228 1227 ut
251 1165 440 1227 adolescentulum
462 1182 607 1227 mediocriter
630 1183 740 1228 eruditum
755 1183 794 1228 rix
810 1183 858 1228 sinc
874 1181 942 1241 plaga

83 1262 189 1318 dimittas,
209 1262 229 1306 si
248 1262 275 1305 de
292 1261 335 1306 hac
352 1275 420 1307 carisa
435 1267 481 1306 tam
497 1263 587 1307 sinistre
603 1265 727 1323 scripserit,
740 1277 804 1321 qnam
822 1263 874 1307 fecit
884 1263 942 1307 Per-

82 1345 175 1401 ronius,
202 1344 246 1388 nisi
266 1342 325 1400 qnod
342 1344 361 1387 is
380 1343 557 1402 corrumpendae
575 1346 675 1391 ueritatis
692 1357 796 1404 magnam
813 1343 940 1388 facultatem

81 1421 187 1481 prodidit.
219 1421 310 1466 Scilicet
327 1422 446 1467 Perronius
473 1424 560 1481 singula
586 1425 694 1481 quaedam
711 1426 739 1469 ab
760 1424 803 1469 illis
820 1426 874 1468 uiris
892 1425 941 1468 dis-

84 1507 160 1561 putata
171 1502 270 1559 arripnit,
284 1501 370 1558 eadem,
382 1502 509 1562 ubieunque
518 1506 610 1563 inuenit,
623 1519 651 1549 ex
661 1519 720 1550 nexu
730 1506 891 1551 senlentIarum
901 1518 942 1549 re-

81 1581 159 1647 vulsit,
173 1581 262 1639 iamque
281 1580 317 1625 illa
335 1581 365 1625 ita
384 1582 412 1626 de
424 1595 484 1641 penu
500 1596 541 1628 suo
558 1586 675 1643 expromit,
690 1591 715 1630 nt
732 1587 781 1630 sine
798 1598 873 1641 sensu,
891 1586 940 1630 sine

80 1666 111 1721 ui,
128 1669 152 1708 ut
168 1663 253 1708 insulsa
268 1677 361 1720 prorsus
381 1669 448 1723 atque
464 1665 537 1710 hiulca
557 1673 708 1725 compareant.
731 1667 901 1725 Campanarmn,
916 1671 941 1711 ut

82 1745 174 1801 dicunt,
193 1744 289 1788 sonitum
301 1743 411 1789 inaudivit
427 1745 549 1791 virbonus
566 1753 589 1791 et
606 1747 685 1793 doctus
700 1747 829 1806 inprimis,
845 1748 885 1792 sed
901 1748 939 1793 not

83 1819 160 1870 essent
178 1838 308 1882 campanae,
325 1825 348 1869 id
365 1825 449 1869 cinon
466 1832 602 1886 compertum
619 1834 661 1874 est.

147 1904 195 1948 Hoc
207 1904 288 1949 itinere
304 1905 460 1964 philosophica
475 1909 568 1953 scicntia
580 1909 686 1971 decurrit.
719 1909 810 1968 lupentio
821 1922 875 1954 vere
886 1908 938 1968 plri-

82 1985 201 2044 losopliieo
214 1986 250 2044 qui
261 1985 347 2043 pellet,v
359 2014 388 2021 -
405 1988 518 2045 ingenium
529 1994 602 2033 autem
611 1991 691 2035 imitari
701 1991 781 2048 solent,
792 1993 828 2050 qui
843 1991 938 2049 aliquam

81 2066 166 2110 hahent
177 2065 349 2124 philosophandi
359 2065 487 2112 facultatem
502 2069 580 2114 labore
594 2076 685 2129 partam,
701 2077 739 2117 aut
755 2074 792 2131 qni
810 2073 939 2131 arrogantia

80 2160 121 2207 pro
138 2140 185 2192 arte
201 2152 291 2192 utuntur
307 2175 338 2183 --
353 2148 372 2193 is
385 2150 461 2207 primo
480 2150 582 2197 dubitare
598 2153 627 2198 de
643 2154 678 2210 iis,
695 2168 752 2212 (prae
766 2154 793 2198 ab
811 2154 860 2199 aliis
876 2153 937 2198 didi-

81 2228 119 2283 cit,
136 2228 208 2271 discit.
243 2227 343 2272 lnlnmas
364 2234 439 2287 partes
464 2232 512 2276 eius
531 2232 646 2278 doetrinae
663 2234 767 2289 aedificii,
785 2235 845 2294 quod
863 2236 937 2280 omni-

79 2307 122 2351 lius
140 2311 177 2350 aut
192 2306 308 2364 plerisque
324 2308 449 2365 aequalium
465 2311 551 2355 snnnnn
568 2318 591 2356 et
606 2313 664 2357 liene
681 2313 795 2358 fundatum
812 2316 936 2372 videbatur,

83 2385 194 2444 explorat.
226 2385 327 2430 Examen
344 2388 480 2447 adgreditur,
496 2390 598 2448 inquirit,
609 2398 768 2451 perscrutatur,
784 2396 936 2455 experimenta

80 2467 213 2531 tacianum
231 2467 338 2526 detegere
357 2468 450 2514 lacunas
467 2475 504 2514 aad
521 2484 556 2526 ea,
574 2486 631 2531 qnae
649 2479 709 2520 stare
732 2476 879 2535 ridebantur,
900 2478 937 2526 la-

82 2547 199 2593 befactare
215 2549 293 2605 possit.
326 2548 383 2592 Dum
405 2551 435 2594 ita
453 2550 573 2595 enrendare
591 2558 716 2612 conantur,
735 2556 785 2601 dum
802 2559 824 2603 in
841 2563 936 2604 contro-

82 2632 180 2675 versiam
206 2628 318 2673 adducunt
339 2629 434 2674 aliorum
451 2617 596 2690 assertiones
612 2634 741 2695 plerumque
756 2638 846 2699 ingenia
861 2641 936 2687 insor-

82 2716 171 2757 mantur
188 2715 210 2755 et
226 2709 274 2768 ipsa
289 2723 330 2768 pro
346 2723 371 2755 se
387 2710 488 2768 cogitare
504 2717 526 2756 et
549 2713 659 2771 speculari
677 2716 776 2775 discunt,
796 2721 849 2766 inde
865 2724 936 2769 robur

84 2797 199 2837 assumunt
217 2797 240 2835 et
255 2789 358 2835 fiduciam
375 2791 416 2848 sui,
433 2796 456 2835 ut
472 2804 531 2836 nova
549 2788 668 2852 systemata
684 2799 805 2856 proferant.

145 2872 253 2925 Quaestio
270 2870 307 2914 illa
325 2870 352 2915 de
370 2884 474 2929 suprema
491 2872 566 2917 nnrndi
583 2887 651 2921 eausa
667 2878 705 2925 diu
721 2892 734 2923 a
750 2879 843 2926 Graecis
859 2883 935 2940 plrilo-

84 2952 160 3010 sophis
182 2954 266 3011 agitata
290 2955 351 3009 erat,
375 2953 468 2996 alterurn
485 2954 532 2999 eius
549 2954 809 3012 problematis'soluendi
825 2975 935 3009 conamen

85 3032 176 3076 alterum
194 3033 222 3078 de
240 3033 296 3079 sede
312 3037 352 3079 su'a
371 3032 501 3089 deiecerat,
526 3047 574 3079 eum
593 3036 680 3082 diuinus
702 3038 739 3082 ille
760 3038 821 3085 Plato
838 3042 936 3088 ultimam

85 3125 174 3156 manum
195 3115 215 3158 ei
244 3115 306 3173 operi
326 3128 351 3159 sc
374 3113 502 3159 admovisse
523 3120 615 3173 putaret.
648 3117 693 3166 Sed
714 3119 737 3163 in
757 3119 869 3179 discipulis
887 3125 935 3167 eius

85 3195 189 3251 repertus
212 3198 245 3237 est
259 3194 392 3240 Aristoteles
413 3194 482 3254 longe
504 3195 605 3245 onmiltus
626 3204 745 3259 praestans
766 3205 789 3246 et
805 3202 896 3261 ingenio
913 3208 935 3248 et
