1979 3399
434 68 619 122 ..ag-

61 275 63 277 .
90 185 214 257 31113333
231 224 278 257 non
294 213 406 257 minuunt<⁴
428 214 456 266 ¹).
494 209 522 255 Et.
538 223 590 270 pag.
608 209 660 255 453
685 210 745 270 ,Oui
761 224 853 258 errores
868 212 951 258 defen-

91 291 161 349 dunt,
175 297 280 351 poterunt
297 291 386 350 quidem
401 290 459 337 mala
476 291 520 337 fide
537 292 632 351 dicere,
647 305 673 338 se
689 306 702 338 3
719 293 807 339 ratione
824 294 905 354 impelli
922 294 951 340 ad

91 374 127 420 sic
143 355 294 430 iudicandum,
310 378 334 418 ut
349 385 428 419 veram
443 374 600 420 rationalitatis
617 374 759 419 coactionem
770 387 816 419 rron
828 376 951 435 experian-

91 458 134 512 tur,
146 441 220 513 neque
233 453 328 513 proinde
344 453 401 500 fides
416 455 471 514 ipsis
488 454 616 501 adhibenda
632 460 674 512 est,
693 455 744 501 dum
760 455 860 501 rationes
874 461 951 501 osten.

92 534 147 580 dunt
163 537 305 582 contrarium
321 550 400 582 rerum
419 542 492 582 esse.“
525 536 632 582 Vidcmur
647 538 691 582 iam
708 537 774 582 rachis
795 536 895 582 attulisse
911 548 952 581 sa-

90 618 119 663 tis
141 618 250 665 locorum.
284 620 395 668 Ostendat
413 620 481 681 igitur
498 620 631 676 Perronius,
649 618 669 664 si
685 622 771 678 potest,
787 632 829 677 qua
846 631 871 664 re
888 617 952 663 dille.

92 704 130 744 rat
147 699 273 745 Dmomslrii
288 700 400 746 sententia
417 700 444 745 ab
461 693 587 746 Hermesio.
618 701 761 747 Drnowslrius
776 702 800 746 in
815 711 843 743 eo
863 697 952 757 quidem

95 793 143 826 non
160 786 195 826 est
209 786 287 826 nostro
304 781 387 826 iudicio
404 782 543 843 landandus,
564 781 624 841 [pund
640 780 774 826 evidentiam
791 779 882 825 differre
898 779 952 824 dicit

97 874 110 906 a
129 862 231 908 claritate
248 866 271 906 et
286 863 460 921 perspicuitate:
476 876 528 908 nam
542 863 669 920 ubicunque
684 861 766 920 aliquid
784 860 844 906 clare
860 865 883 905 et
897 872 953 919 per-

94 943 173 1001 spicue
189 942 291 988 ridemus
308 944 356 988 sire
376 943 551 1003 cognoscimus,
573 943 604 988 ibi
619 943 679 987 hanc
693 944 763 1001 ipsam
778 941 807 987 oh
823 953 915 986 causam
930 944 953 984 et

93 1022 153 1068 lianc
169 1037 237 1069 unam
251 1024 280 1069 ob
302 1038 393 1070 causam
405 1027 487 1071 adesse
495 1024 581 1070 'dieitur
596 1023 716 1080 evidentia,
732 1027 811 1068 contra
826 1034 882 1066 vcro
894 1020 953 1065 haec

94 1103 161 1150 abest
175 1105 299 1150 secundum
319 1119 459 1151 communem
474 1107 581 1166 loquendi
597 1119 677 1163 usum,
700 1106 827 1164 ubicunque
844 1117 892 1150 rem
909 1102 953 1147 ali-

95 1196 162 1242 quam
180 1198 226 1229 non
242 1186 302 1231 clare
321 1191 343 1231 et
357 1187 476 1246 perspicue
491 1187 599 1233 ridemus.
639 1188 769 1246 Quanquam
787 1185 853 1232 facile
870 1183 953 1229 intelli-

94 1266 163 1324 gitur,
179 1278 226 1310 non
243 1266 271 1310 de
285 1268 381 1312 'nornine
397 1266 434 1312 hic
450 1269 496 1327 agi,
514 1268 556 1313 sed
575 1268 603 1312 de
619 1281 651 1314 re.
690 1267 754 1313 Hauc
772 1268 792 1312 si
806 1264 952 1325 spectaveris,

95 1347 186 1391 omnino
206 1347 319 1392 consentit
337 1360 386 1391 cum
401 1348 520 1395 Hermesio
537 1349 687 1395 Dmcvrslrius.
711 1350 806 1394 Damnet
822 1346 953 1407 igiturl'er-

92 1429 171 1474 ronius
189 1431 255 1473 etiam
272 1428 383 1489 collegam
400 1443 477 1488 suum,
495 1430 586 1477 damnet
599 1444 657 1484 eos,
676 1430 713 1489 qui
729 1427 853 1474 Dmouslrii
872 1426 952 1471 librum

94 1509 283 1569 approbaverunt,
302 1508 392 1577 damnet
399 1511 679 1570 Praepositostorrslrii‚
697 1511 734 1569 qui
750 1509 882 1557 sortientium
896 1520 953 1566 per-

95 1591 271 1636 niciosissimam
288 1584 399 1651 diuulgati
415 1593 535 1651 patiuntur.
566 1595 639 1652 Atrpre
656 1592 701 1637 hoc
717 1592 791 1649 idern,
808 1590 867 1649 quod
884 1589 953 1635 faciet

95 1672 234 1729 Perronius,
252 1672 272 1717 si
288 1672 331 1717 sibi
347 1678 453 1718 constare
468 1675 544 1733 volet,
567 1675 695 1720 laciendum
712 1677 746 1717 est
762 1671 789 1715 ab
807 1672 834 1715 iis
850 1670 952 1715 3111311131

96 1751 121 1796 13
139 1752 259 1798 Germania
276 1753 337 1810 viris,
355 1754 392 1812 qui
409 1753 518 1800 adversus
534 1756 694 1802 necessitatem
713 1753 741 1798 ab
757 1752 874 1797 Hernresio
891 1753 953 1797 acri-

95 1837 132 1879 ter
148 1833 285 1879 rindicatam
309 1835 333 1879 in
348 1836 481 1894 quaestione
496 1835 524 1880 de
543 1835 674 1880 certitudine
692 1833 844 1894 cognitionum
863 1836 953 1877 nostra-

96 1927 146 1960 rum
164 1919 238 1959 tantos
256 1915 368 1961 clamores
385 1918 511 1962 excitarunt
528 1919 646 1962 autetiam
663 1929 723 1961 nunc
738 1915 838 1960 excitare
850 1918 953 1974 pergunt.

96 1995 135 2041 Sic
152 2008 226 2054 nuper
241 1996 264 2039 in
280 1995 466 2055 Eplremcridihus
477 1997 704 2057 politica-historicis,
723 2008 780 2055 quae
792 1995 881 2040 lionaei
898 2006 954 2052 pro-

96 2076 166 2122 deunt
182 2076 207 2121 G.
224 2075 337 2136 Plattttpstt
352 2084 375 2124 et
393 2078 419 2124 G.
438 2079 541 2124 Gdrresti
557 2092 644 2139 opera,
660 2077 732 2123 extitit
748 2076 899 2136 philosophus,
917 2075 953 2133 qui

95 2158 126 2203 ad
141 2159 312 2217 persuasionem
335 2171 489 2218 quamcunque
507 2158 648 2204 efficiendam
670 2157 724 2202 nihil
741 2156 833 2202 omnino
849 2155 954 2200 necessi-

95 2239 136 2282 tati
151 2251 181 2281 ex
201 2239 289 2282 ratione
305 2239 415 2283 oriundae
431 2239 589 2296 tribuendum,
610 2239 652 2284 scd
675 2229 763 2284 omnem
783 2220 953 2296 persuasionem

98 2329 127 2361 ex
142 2316 252 2373 lilaertate,
268 2328 297 2361 ex
313 2315 385 2361 libere
401 2316 521 2363 voluntatis
537 2318 625 2362 delectu
642 2316 786 2362 derivandam
803 2315 956 2361 3113131113*ι

100 2397 191 2441 sissimo
208 2395 324 2441 contendit
340 2395 609 2454 [Historisclr-politisclre
620 2389 703 2441 Blatter
713 2379 748 2441 fiir
760 2395 800 2441 das
812 2394 952 2441 lratlrolisehe

98 2474 258 2520 Deutsclrland.
274 2473 392 2519 Siebenter
406 2474 476 2518 Band.
493 2474 599 2520 Sechstes
614 2474 672 2519 Heit.
689 2475 800 2520 llli'mclren
817 2474 906 2532 1841),
923 2475 952 2519 311

100 2554 301 2601 commendandam
314 2568 370 2600 vero
385 2553 444 2600 hanc
455 2566 535 2600 noram
547 2553 657 2600 theoriam
672 2568 686 2599 a
702 2568 727 2601 se
743 2555 884 2614 delineatam,
899 2568 951 2615 pag.

113 2692 138 2700 .-

139 2782 158 2834 1)
173 2781 272 2830 Adiungit
286 2777 424 2816 Dmonukius:
439 2776 480 2822 „Ex
495 2787 518 2812 eo
533 2775 591 2812 etiarn
606 2776 733 2828 aliquatenus
747 2775 833 2824 colligit,
847 2772 950 2825 quomodo

176 2859 232 2889 actus
250 2850 299 2887 fidei
314 2850 341 2886 sit
353 2848 419 2894 liber,
444 2853 464 2884 et
478 2853 578 2884 renruneat
592 2847 628 2884 sub
643 2848 727 2898 irnperio
742 2845 874 2887 voluntatisf‘
907 2845 951 2881 Pari

177 2923 238 2960 modo
252 2922 368 2959 Hermesius
383 2920 404 2956 in
419 2917 537 2968 quaestione
553 2917 637 2954 11311131
653 2918 752 2956 libertate.
775 2906 950 2956 1131311133331-

176 2993 223 3029 sitas
237 2990 366 3028 311111111131111
383 3001 418 3025 1311
433 2986 480 3023 fidei
497 2985 624 3024 adhibendae
638 3002 679 3026 non
693 2988 748 3026 tollit
762 2986 877 3032 libertatern
887 2992 949 3032 331111,

177 3075 217 3112 quc
232 3063 281 3100 fides
295 3061 415 3105 adhibetur,
428 3070 496 3107 neque
511 3057 535 3103 is,
551 3059 585 3108 qui
600 3060 721 3108 argumentis
738 3057 866 3103 demonstrat,
880 3057 950 3096 adesse

178 3135 318 3170 necessitatem
332 3131 429 3169 moralem
444 3127 491 3166 fidet
507 3127 645 3177 adhibendae,
659 3129 697 3168 hoe
714 3128 790 3174 elficit,
805 3134 828 3166 ut
840 3127 889 3166 fides
904 3139 948 3165 ces-

178 3207 208 3240 set
225 3214 267 3239 esse
281 3204 331 3242 actio
348 3203 420 3241 libera.
