1979 3399
377 92 435 161 ᾎ-
476 125 527 175 100
567 152 602 160 -

28 306 32 309 ,
78 270 103 312 01
118 250 198 314 Bonna
216 266 351 312 diseederet.
383 264 432 311 ,Sed
451 278 490 310 cur
508 265 622 312 definitum
639 273 686 311 non
703 270 738 310 est
753 265 836 329 abste,
853 263 938 310 Perre-

75 349 116 405 01,
137 362 181 407 quo
198 347 234 391 die
250 357 371 392 consessus
388 346 426 391 ille
441 346 528 392 babitus
544 346 588 391 sit?
616 345 641 390 ln
657 345 768 390 eiusmodi
784 346 861 403 rebus,
878 358 936 404 quae

76 428 99 472 in
116 427 176 472 sacto
193 430 244 471 sunt
259 425 354 484 positae,
372 431 497 485 temporum
509 427 618 484 rationes,
628 418 654 470 vut
669 429 693 469 10
709 424 780 484 probe
794 429 867 482 tenes,
876 438 937 484 per-

76 506 153 564 magni
170 507 276 551 momenti
296 511 354 551 sunt.
392 507 442 565 Ego
465 506 554 567 quidem
572 506 617 551 lroc
633 506 704 564 ipsum
720 505 751 550 ita
768 518 862 550 rrarrare
878 518 937 563 pos-

74 597 140 641 sem,
162 587 227 644 quasi
244 585 297 632 dolo
312 587 372 632 malo
391 587 450 632 diem
466 592 490 632 tu
507 587 609 632 indicare
633 586 743 631 omiseris
780 581 829 631 Sed*
844 598 890 629 non
907 586 937 630 ita

74 668 116 709 est.
149 665 206 711 Nam
222 667 266 725 ipsi
281 668 321 713 tibi
338 667 383 714 hoc
400 669 563 727 incompertum
579 672 621 713 est.
653 666 698 713 Sed
716 667 844 726 ignorantia
861 671 897 711 tua
914 672 936 712 te

73 744 165 791 minime
185 753 286 794 excusat.
318 748 375 794 Nam
392 743 575 806 eur‘cerriungis,
593 755 650 805 quae
666 745 735 807 longe
752 746 851 791 discreta
866 748 936 792 sunt?

75 824 121 869 Cur
138 838 227 884 00000,
244 828 330 874 Sebero
346 830 485 885 paulopost
515 818 675 872 necessitatem
691 827 818 886 impositam
834 839 893 883 esse,
911 832 935 872 ut

73 904 154 950 Bonna
172 906 616 966 1100010101011000100,0000101110
634 919 756 951 consessus
775 906 858 952 fuerit?
878 907 936 953 Nam

75 982 95 1027 is
113 996 237 1030 consessus
261 987 310 1031 sive
331 987 347 1031 ii
363 998 485 1031 consessus
509 982 562 1030 100
576 998 635 1030 anno
654 985 714 1029 1898
732 974 803 1029 habiti
821 990 888 1045 sunt,
910 993 935 1040 ‚et

77 1076 137 1108 anno
156 1064 244 1110 demum
263 1066 339 1123 1895,
362 1065 384 1111 lr.
400 1079 421 1111 e.
438 1065 525 1112 duobus
548 1067 612 1110 annis
628 1068 693 1144 poste,
718 1065 934 1112 SeberusBonnam

75 1144 174 1203 reliquit.
213 1145 293 1191 Seberi
315 1146 382 1205 igitur
398 1145 516 1191 eonsilium
534 1145 622 1190 duobus
641 1145 706 1190 annis
725 1150 749 1190 ut
764 1151 874 1191 maturum
890 1146 934 1191 110-

75 1228 124 1280 ret,
142 1237 198 1283 opus
213 1224 267 1270 10111
300 1225 324 1272 Si
339 1238 377 1271 res
394 1226 427 1270 sie
444 1237 470 1269 se
485 1225 568 1282 babet,
586 1225 684 1271 Seberus
700 1237 756 1269 sane
775 1238 821 1271 non
838 1226 935 1272 festina-

74 1289 117 1349 vitl
155 1306 201 1351 Sed
218 1305 338 1350 Perronius
361 1318 422 1350 noro
449 1304 583 1350 documento
599 1304 719 1364 probarit,
744 1318 810 1365 [piram
828 1306 894 1351 fidem
910 1308 934 1352 in

74 1384 142 1429 rebus
158 1384 285 1429 referendis
301 1389 418 1444 praestare
435 1383 515 1441 soleat,
533 1396 598 1440 curn,
616 1388 639 1428 01
656 1384 716 1429 illum
732 1373 819 1430 ordinis
836 1399 933 1432 conses-

72 1468 158 1509 sumet
174 1464 253 1512 Seberi
271 1464 396 1510 discessum
413 1469 519 1523 tanquam
536 1478 627 1509 causam
650 1469 673 1509 01
691 1464 795 1509 eflectum
813 1478 931 1526 propone-

71 1548 114 1602 ret,
130 1545 255 1603 scripserit,
272 1545 381 1592 Seberunr
395 1543 467 1602 panto
485 1548 538 1603 post
554 1543 633 1589 Bonna
652 1543 794 1589 discessisse.

136 1624 182 1670 Sed
199 1624 312 1683 quomodo
332 1624 447 1670 discessus
471 1623 508 1668 ille
530 1622 610 1670 Seberi
634 1622 761 1668 Bonnensis
783 1636 809 1668 re
831 1638 887 1671 vera
905 1639 931 1673 se

73 1703 159 1750 babet?
176 1704 233 1749 Num
247 1703 338 1748 veritati
354 1703 516 1748 convenienter
523 1701 642 1746 Perrouius
657 1703 766 1757 narravit,
782 1702 841 1748 illum
853 1705 932 1751 Bonna

74 1785 201 1848 digressum
218 1796 278 1841 esse,
295 1788 415 1842 propterea
433 1782 493 1840 quod
509 1782 547 1826 illa
564 1782 650 1827 ordinis
668 1782 769 1827 consulta
782 1786 872 1831 nemine
889 1800 930 1833 suo

75 1864 202 1926 subscripto
232 1863 359 1922 adprobare
375 1861 479 1906 nollet?
531 1862 581 1907 Non
605 1861 714 1906 urbanum
740 1862 828 1909 videtur
853 1867 931 1913 dicere

73 1945 154 1990 alieni:
179 1949 202 1988 tn
224 1942 332 1987 rneruiris.
382 1942 428 1989 Sed
454 1942 544 2001 reliquit
566 1955 602 1986 me
626 1941 717 1987 tandem
743 1943 837 1991 facultas
864 1949 941 1995 novis

72 2025 150 2071 uerbis
175 2025 349 2083 circumscriptis
370 2023 424 2069 illud
452 2022 618 2081 experirnendi,
653 2023 713 2080 quod
742 2024 837 2082 simplex
856 2042 932 2074 ¹men-

72 2105 142 2150 tiendi
159 2104 292 2150 vocabulum
311 2103 429 2164 significat.
460 2102 546 2155 Quodsi
558 2101 678 2150 10000100
697 2117 743 2148 000
760 2106 873 2153 erubescit
887 2123 931 2168 pu-

61 2184 131 2229 'blice
148 2183 238 2228 rnerttiri
261 2189 284 2228 et
308 2183 414 2228 continuo
430 2183 533 2241 baeretici,
559 2197 599 2229 cur
622 2197 666 2243 ego
688 2186 820 2232 erubescam
839 2193 890 2247 apto
908 2196 931 2235 et

70 2265 162 2324 proprio
180 2264 251 2309 verbo
268 2265 313 2321 uti,
338 2277 382 2323 (pro
399 2264 504 2309 denotem
521 2264 582 2324 quod
598 2265 641 2310 iste
657 2266 721 2324 agit?
753 2266 830 2326 ltaque
847 2269 931 2316 Perre-

71 2347 122 2390 0100
138 2359 226 2390 rursum
237 2347 347 2389 ¹mentitus
368 2351 419 2400 est,
443 2347 494 2391 dum
512 2345 607 2404 scribit,
627 2346 736 2392 Seberum
760 2349 790 2392 ob
807 2364 898 2396 eausam
916 2366 930 2398 a

75 2438 102 2470 00
120 2426 243 2482 expositam
260 2425 339 2470 Bonna
357 2425 496 2471 discessisse.
520 2426 589 2470 Immo
608 2426 656 2471 eius
672 2428 706 2472 rei
723 2440 791 2473 eausa
808 2429 866 2475 baec
883 2431 930 2478 luit.

73 2507 141 2553 Anne
160 2506 220 2551 1895
240 2505 357 2550 00001100
375 2519 404 2550 ex
418 2505 586 2563 professoribus
608 2505 703 2552 electum
719 2512 781 2565 erat,
807 2511 866 2569 quod
882 2516 930 2557 sta.v

72 2592 119 2633 tuta
144 2600 202 2645 quae
222 2591 332 2630 vocantur
354 2585 504 2630 universitatis
529 2592 681 2645 componeret.
720 2588 745 2633 ln
766 2591 811 2636 hoc
833 2592 929 2638 consilio

71 2669 139 2713 etiarn
155 2666 285 2711 Hermesius
302 2665 349 2710 fuit.
386 2666 443 2710 Dum
458 2665 515 2711 lraec
539 2673 651 2726 aguntur,
675 2668 703 2715 de
726 2671 857 2729 professura
874 2674 929 2719 iuris

72 2747 178 2792 canonici
200 2751 314 2792 certamen
337 2750 439 2791 exortum
457 2751 497 2791 est.
538 2747 666 2795 Hennesius
690 2750 832 2810 affirmabat,
856 2754 930 2800 ordini

71 2826 229 2886 theologorum
252 2826 415 2872 catholicorum
436 2837 499 2870 suum
521 2826 575 2872 iuris
590 2831 694 2874 canonici
708 2831 862 2889 professorem
877 2847 930 2879 0000

72 2912 195 2965 oportere:
221 2920 273 2952 nam
292 2907 376 2965 alioqui
391 2905 440 2950 fieri
458 2917 542 2963 posse,
566 2913 590 2953 ut
606 2909 718 2954 candidati
742 2910 871 2973 theologiae
889 2927 931 2959 ca-

71 2988 169 3052 tholicae
185 2988 287 3046 magistri
303 2986 450 3032 Protestantis
472 2986 561 3032 scholas
583 2990 646 3034 adire
669 2998 812 3051 cogerentur.
837 2994 929 3039 =Contra

77 3068 167 3114 dicebat
183 3068 240 3113 ordo
256 3069 473 3123 iurisconsultorum,
490 3071 513 3110 10
531 3081 558 3112 00
582 3069 708 3128 11011ον00,
735 3072 852 3129 professor
866 3075 930 3119 Bon-

77 3137 164 3204 00001οζ
177 3149 372 3194 111011001000001
391 3160 472 3208 gener,
489 3149 663 3207 contendentes,
680 3152 734 3198 iuris
750 3155 855 3199 canonici
874 3168 941 3213 pro--

76 3230 188 3277 sessuram
205 3230 278 3275 ordini
295 3228 522 3289 tlreologorurnesse
539 3229 716 3290 abirrdiearr'darn,
731 3246 780 3279 earn
797 3235 864 3280 unice
876 3249 930 3295 per·-
