1979 3399
379 87 583 140 -346-

51 226 252 288 archiepiscopalis
269 232 292 274 et
314 230 428 275 victbnam
454 230 638 275 Hermesianismi
663 229 794 288 praedicet!
833 234 862 277 Et
876 234 915 279 bic

53 312 104 354 esto
124 310 194 354 instar
216 309 375 369 plerorumque
398 312 504 355 omnium.
536 310 593 355 Nam
616 322 711 367 quorum
732 314 830 355 mentem
856 325 915 357 eon-

53 389 148 434 scientia
164 389 268 447 vexabat,
285 391 322 449 qni
339 391 438 436 convicti
455 396 520 436 erant
536 390 624 435 iudiciis
643 395 680 435 aut
695 388 862 447 convincendi,
878 392 916 449 qui

52 469 150 514 honesto
167 470 249 529 euicpie
266 471 340 527 invisi,
358 473 486 534 et.publice
504 473 620 530 contemti,
636 471 667 516 illi
685 471 844 518 orthodoxiam
862 485 922 516 ere-v

53 562 117 609 pare,
136 550 164 595 de
175 550 369 597 Hermesianismo
386 553 517 610 vociferari,
535 553 622 611 „pravis
633 552 688 597 vilse
705 552 838 598 falsissimas
855 552 918 598 rela-

53 630 128 674 tiones
143 630 237 676 Romam
259 634 361 690 mittere,
383 634 407 678 in
422 635 493 679 saeris
515 634 603 692 pompis
625 633 753 691 procedere
772 634 844 692 iisqne
859 633 916 678 levis

53 709 187 768 plebeculae
208 725 286 758 auiam
313 718 406 773 captare
430 727 526 773 seseque
547 713 684 759 insolentius
708 720 730 759 et
752 714 852 760 ferocius
874 728 917 761 ex-

56 789 145 836 tollere.
737 776 739 779 ,

119 872 179 917 Sane
194 873 315 920 Perronius
323 875 452 920 huiusmodi
463 876 546 921 heroas
556 876 687 933 praeconiis
704 877 752 922 suis
768 870 919 921 celebrandos

54 958 135 1011 sumat,
154 959 205 999 sunt
222 955 280 999 enim
298 954 336 998 tali
353 960 449 1013 patrono
467 955 536 1014 digni,
554 954 595 1000 sed
607 954 723 1013 quomodo
736 953 811 999 eidem
828 956 919 1013 impune

57 1034 127 1079 liceat
144 1035 168 1079 in
184 1040 263 1081 centro
282 1037 396 1081 ecelesiae
413 1036 539 1081 catholicae
556 1036 597 1080 lias
614 1035 729 1081 inauditas
738 1036 814 1080 turbas
829 1036 920 1080 i'acercl

122 1114 251 1174 Iliisgenius
268 1121 305 1161 aut
321 1118 391 1162 miser
407 1117 443 1161 ille
461 1122 483 1161 et
498 1117 679 1162 corilemnendus
697 1118 765 1162 homo
782 1122 828 1173 est,
852 1129 921 1175 aper-
937 1125 950 1135 ⁸

59 1202 94 1242 tus
111 1197 184 1243 hostis
200 1196 318 1256 religionis
336 1196 461 1242 catholicae
479 1202 501 1242 et
518 1197 651 1253 ecclesiae,
678 1207 744 1256 quem
763 1197 883 1241 Perronius
900 1201 922 1240 et

58 1278 125 1322 amici
142 1278 191 1322 eius
208 1282 315 1335 erepant,
333 1282 432 1322 airinom
451 1282 491 1323 est.
534 1278 558 1324 Si
574 1282 622 1335 est,
649 1291 689 1322 cur
705 1281 822 1322 cunctatur
838 1276 922 1322 fulmen

58 1372 131 1417 papae
148 1357 327 1423 damnatorium,
351 1372 391 1403 cur
402 1358 426 1403 -is
442 1370 489 1402 non
507 1358 581 1403 statim
598 1357 627 1402 de
643 1357 838 1404 administratione
855 1356 922 1403 dioe-

59 1441 119 1485 cesis
147 1439 267 1497 deiicitur,
293 1441 345 1499 qui,
371 1439 391 1484 si
416 1439 525 1484 Petronio
550 1439 684 1495 credamus,
710 1443 755 1484 tam
780 1438 868 1485 nefarie
893 1438 923 1484 ad

14 1559 16 1562 .
60 1534 111 1566 eam
127 1522 248 1579 pervenit?
281 1521 325 1565 Cur
341 1519 360 1565 s.
378 1519 447 1565 sedes
464 1532 543 1564 munus
561 1520 611 1565 eius
633 1520 772 1579 comprobat,
789 1534 829 1567 cur
846 1522 923 1566 omni-

59 1602 102 1647 bus
133 1614 190 1661 [pirae
217 1601 246 1647 nd
280 1601 397 1647 dioecesin
424 1600 626 1648 administrandam
659 1602 803 1662 recpriruntur
826 1601 924 1648 faculta-

61 1683 121 1729 tibus
145 1683 256 1728 ornatur?
278 1683 311 1728 A
327 1696 345 1728 s.
361 1675 424 1741 patre
442 1696 488 1728 non
505 1683 573 1728 modo
592 1682 644 1739 ius,
661 1682 703 1736 sed
721 1683 788 1727 etiam
804 1682 924 1727 sanctissi-

61 1776 122 1808 mum
139 1762 237 1808 officium
253 1762 362 1820 postidat,
390 1766 415 1805 ul
431 1767 517 1820 pestem
533 1762 593 1806 illam
610 1762 717 1806 inhibeat.
755 1764 795 1809 Sin
812 1763 863 1807 talis
879 1775 925 1807 non

64 1848 107 1902 est,
124 1844 145 1888 si
159 1844 209 1901 ipse
226 1842 412 1902 archiepiscopus
428 1842 456 1888 de.
472 1842 557 1887 Droste
573 1841 658 1887 duabus
675 1842 776 1900 epistolis
794 1841 824 1887 ad
840 1843 924 1888 clerum

65 1925 215 1985 populumque
232 1924 290 1970 datis
306 1929 331 1969 ut
355 1926 427 1970 virum
450 1925 615 1969 meritissimum
636 1922 726 1983 publice
744 1937 795 1970 enirn
816 1924 924 1982 laudarit,

67 2006 88 2052 si
104 2005 165 2050 idem
183 2003 366 2062 archiepiscopus
382 2002 418 2061 ,ia
437 2002 486 2047 cias
502 2004 597 2060 uirtute,
614 2004 722 2059 scientio,
740 2005 803 2059 zelo,
819 2005 925 2062 fidelitate

65 2099 95 2131 ne
109 2084 234 2143 prudentio
250 2083 356 2128 extritam
370 2083 488 2142 fidtreinmss
503 2085 588 2143 posuit,
606 2086 644 2143 qui
659 2086 749 2130 tandem
764 2084 860 2130 lesnitae
877 2087 926 2133 Ra·
944 2084 945 2087 ’

67 2180 135 2212 mano
153 2166 237 2222 licebit,
253 2169 278 2210 ut
288 2164 344 2209 nihil
361 2177 409 2209 non
425 2164 507 2209 audeat
522 2165 546 2209 in
561 2164 685 2223 praelatum
704 2171 828 2223 externum,
844 2171 868 2210 ut
884 2166 928 2211 ad-

67 2246 254 2293 ministrationem
271 2246 319 2290 eius
333 2244 406 2303 palam
424 2245 533 2289 conuiciis
548 2250 615 2304 petat,
637 2247 674 2304 qui
690 2260 703 2291 a
719 2258 737 2291 s.
751 2251 814 2304 patre
832 2252 870 2292 aut
884 2247 927 2291 ad-

67 2327 175 2386 probatus
192 2330 230 2369 aut
245 2330 307 2370 certe
324 2338 370 2370 non
385 2326 519 2384 reprobatus
537 2326 589 2370 est?
621 2326 663 2378 Qui
674 2325 758 2383 licebit,
774 2326 860 2371 homini
876 2340 927 2371 ma-

68 2407 246 2453 ledicentissima
257 2407 413 2465 auctoritatem
429 2408 509 2451 smmni
526 2406 636 2465 pontificis
648 2407 775 2466 negligere,
790 2407 864 2463 palam
874 2419 928 2451 sor-

71 2485 137 2533 dibus
152 2485 261 2529 ricarimn
277 2484 407 2543 generalem
426 2485 571 2543 adspergere,
589 2486 745 2530 auctoritatem
762 2499 805 2544 qua
823 2499 878 2545 opus
893 2492 927 2532 est

69 2566 100 2611 ad
115 2566 220 2611 ordinem
237 2563 413 2619 sustentandum,
430 2563 459 2608 ad
478 2563 594 2608 dioecesin
611 2564 817 2625 administrandam,
834 2568 856 2611 ei
872 2580 925 2612 sur-

69 2648 157 2706 ripere,
175 2645 272 2690 elericos
290 2643 319 2688 ad
335 2645 383 2689 eins
398 2643 504 2688 mandata
521 2642 660 2702 repudianda
675 2645 789 2691 incitare?
830 2646 926 2691 Videtne

70 2729 200 2782 Perronius,
218 2727 322 2772 convicia
339 2739 379 2772 sua
398 2724 502 2770 recidere
520 2726 543 2769 in
560 2739 578 2771 s.
593 2730 687 2785 patrem,
701 2726 793 2771 videtne
805 2738 846 2771 sua
864 2727 928 2785 culpa

71 2809 120 2854 sieri
135 2814 159 2857 ut
180 2807 358 2852 arclridiceeesis
383 2805 525 2850 Coloniensis
541 2818 570 2851 ex
585 2806 668 2864 optima
685 2818 738 2850 mon
756 2806 838 2851 evadat
853 2807 929 2865 pessi-

72 2903 124 2947 ma,
152 2889 244 2934 videtne
261 2902 286 2933 se
304 2900 355 2933 esse
372 2888 410 2947 qui
428 2886 544 2946 praesules
569 2887 682 2931 eeclesiae
708 2886 833 2931 catholicae
850 2900 927 2931 coram

73 2971 145 3016 oculis
163 2969 277 3016 bortrinmn
294 2973 359 3028 atque
376 2969 473 3013 bostium
490 2966 555 3012 buius
572 2967 684 3012 ecclesiae
700 2967 723 3010 in
738 2966 928 3025 contemptionem

73 3051 189 3097 adducat?
205 3075 233 3084 -
251 3051 276 3094 ln
295 3049 484 3107 contemptionem
501 3039 615 3094 adducat?
653 3046 700 3093 Hal
715 3046 836 3093 Perrcnius
853 3045 928 3091 nemi-

75 3145 128 3181 nem
147 3132 169 3179 in
182 3130 371 3191 contemptionem
387 3129 479 3175 adducit
495 3130 540 3175 „1
