1979 3399
371 91 574 142 -157-

41 225 114 270 tinere
131 227 159 271 ad
177 225 278 273 ordinem
295 228 510 275 iurisconsultorum.
549 226 667 273 Hermesio
688 226 712 269 in
734 221 815 268 ordine
831 221 901 265 theo-

38 303 142 364 logorum
159 307 320 354 catholicorum
337 308 438 353 Ritterus
460 313 483 353 et
502 307 618 353 Senoniae
635 304 833 358 assentiebantur,
857 300 902 345 Se-

44 383 113 429 berus
131 392 217 445 contra,
234 401 366 446 spiramquam
384 393 435 432 ante
453 388 518 431 aliter
534 393 650 444 senserat,
666 387 720 431 item
737 382 845 440 Gestatus
861 392 903 426 or-

40 464 86 510 dini
104 467 315 511 iurisconsultorum
331 466 512 511 consentiebant.
544 467 680 523 Hermesius,
695 466 802 520 Rittcrus,
815 461 900 520 Schol-

40 547 88 590 zins
105 547 196 603 tandem
214 546 323 590 hactenus
340 544 509 600 concedebant,
531 549 555 589 ut
571 545 645 589 ordini
666 544 825 604 theologorum
842 555 901 602 pro-

40 626 111 683 prium
129 624 184 669 iuris
202 625 307 669 canonici
323 623 477 682 professorem
495 636 540 667 non
558 624 703 682 postularent,
719 624 760 669 scd
776 623 831 668 satis
846 635 899 667 esse

39 704 173 759 crederent,
190 704 209 748 si
224 704 246 747 in
261 703 342 748 *bituris
359 704 612 748 universitatis‘statutIs
631 705 774 748 constitutum
790 707 859 759 esset,
874 705 899 748 in

43 783 123 840 ordine
141 783 351 828 iurisconsultorum
368 774 458 841 semper
474 784 551 828 inesse
569 787 674 840 oportere
689 783 844 840 professorem
861 782 899 826 stn-

18 864 72 908 ‘ris
90 862 195 908 cortonici
217 863 256 920 pul
270 863 335 921 fidem
352 862 486 907 catholicum
506 863 666 919 profiteretur,
695 862 745 906 sed
759 861 818 907 leone
834 863 900 907 sirnol

40 957 90 988 esse
107 944 214 1001 collepom
230 941 317 986 ordinis
334 941 486 999 tlteotoporann
503 940 676 997 catholicorum,
695 953 802 999 carroque,
818 947 843 985 nt
860 956 900 987 ce-

40 1029 101 1068 teros
118 1036 193 1067 ornnes
211 1022 298 1067 orrlinis
314 1022 467 1079 tlteploporuna
478 1021 639 1065 catholicorum
652 1021 806 1080 professores,
822 1035 899 1078 poan,

40 1108 86 1147 tum
102 1103 133 1148 od
147 1102 306 1147 orthodorciom
324 1101 441 1147 doctrinae
454 1102 585 1158 pertineret,
603 1101 781 1159 oreldepiscopo¹
789 1102 900 1146 rationem

39 1184 135 1228 reddere
152 1181 240 1228 debere.
279 1183 333 1227 Uter
358 1195 435 1227 eorum
459 1181 527 1241 igitur
550 1182 699 1240 connivebat,
722 1182 853 1228 Hermesius
869 1197 900 1229 an

40 1266 160 1312 Seberus?
200 1265 254 1309 Uter
272 1277 319 1309 rem
336 1263 470 1309 catholicam
486 1269 569 1308 sartam
593 1268 720 1323 tectamque
743 1263 829 1309 habere
855 1279 900 1311 uo-

39 1345 86 1401 luit,
101 1345 232 1389 Hermesius
249 1346 285 1388 cui
296 1344 416 1388 Perronius
434 1342 553 1400 maledicit,
572 1357 601 1387 an
617 1344 715 1390 Seberus
733 1356 797 1402 quem
817 1343 900 1389 fovet?

39 1425 94 1470 Eam
111 1425 140 1469 ob
159 1437 208 1468 rem
223 1423 346 1468 vehemens
364 1424 479 1467 contentio
496 1424 555 1467 inter
572 1422 672 1495 collegas
703 1423 789 1468 ordinis
805 1424 897 1468 theolo-

41 1518 122 1564 gorum
145 1502 305 1547 catholicorum
324 1507 373 1546 orta
399 1506 443 1557 est3
469 1514 541 1561 eaque
557 1514 569 1545 a
587 1501 673 1547 Sebero
692 1506 753 1547 tanta
770 1503 805 1547 sui
822 1503 898 1561 impo-

40 1586 116 1640 tentia,
131 1589 192 1628 tanto
212 1582 349 1641 collegarum
364 1595 456 1626 suorum
473 1586 613 1639 contemptu,
632 1595 737 1631 sermone
756 1587 800 1627 tam
818 1582 896 1628 disso-

41 1664 87 1709 luto
105 1668 151 1708 tam
165 1662 215 1707 rudi
232 1667 299 1719 atque
315 1663 399 1721 agresti
417 1662 518 1713 exercita
540 1665 587 1718 est,
616 1667 640 1706 ut
661 1662 685 1706 in
703 1662 828 1712 Annalibus
844 1664 898 1707 uni-

40 1745 169 1789 versitatum
186 1742 280 1787 duorum
291 1741 446 1798 saeculorum,
472 1754 529 1800 quae
547 1747 598 1786 ante
615 1755 658 1786 nos
674 1743 753 1800 fuere,
772 1745 843 1800 spatio
860 1744 901 1788 uix

38 1825 110 1870 simile
128 1823 182 1882 quid
196 1822 298 1880 reperire
316 1820 406 1866 difficile
422 1822 457 1866 sit¹
498 1820 548 1865 Hac
564 1822 687 1867 sinmltates
705 1828 727 1868 et
745 1836 802 1881 qnae
821 1837 850 1868 ex
868 1824 898 1868 iis

38 1910 102 1950 ortae
115 1908 166 1949 sunt
174 1887 224 1948 eum
232 1907 335 1948 eventum
346 1902 436 1947 tandem
444 1901 577 1956 habuerunt,
589 1903 717 1950 utSeberns
729 1905 899 1949 uniuersitatem
919 1899 927 1907 “

40 1985 184 2043 relinqueret
219 1983 265 2027 lant
281 1969 451 2043 unusquisque,
465 1985 500 2027 cui
518 1983 624 2027 iudicium
642 1988 676 2028 est
692 1997 742 2029 non·
756 1990 898 2043 occupatum,

41 2065 140 2123 uidebit,
157 2063 326 2108 criminationes
340 2064 395 2109 istas
405 2063 505 2108 Perronii
521 2065 542 2108 in
560 2075 696 2126 cos-penes
709 2076 766 2122 quos
780 2065 802 2108 in
811 2066 898 2110 Berus-

39 2146 74 2190 sia
90 2146 205 2204 imperium
222 2150 272 2201 est,
285 2144 392 2203 prolatas
409 2149 514 2201 tanquam
533 2144 548 2188 ii
567 2143 594 2189 ad
610 2144 744 2203 μοναρχίαν
761 2144 784 2188 in
801 2145 897 2189 unirer-

40 2226 105 2269 sitote
121 2224 235 2268 Bonnensi
251 2223 390 2268 Hennesiunr
406 2223 569 2280 provexerint,
595 2234 687 2280 prorsus
711 2236 782 2268 ranas
806 2237 857 2269 esse
875 2230 898 2281 et

40 2305 109 2350 falsas
129 2308 152 2348 et
165 2317 206 2348 sua
222 2302 371 2348 imbecillitate
387 2306 454 2361 atque
471 2302 606 2347 intolerabili
622 2302 724 2348 fatuitate
739 2315 887 2351 evanescere.

41 2437 240 2488 Deliberottoae's
255 2439 349 2487 ordinis
359 2437 523 2499 theodopornm
540 2438 718 2488 catholicorum
726 2440 896 2490 Bonnensinm.

108 2561 245 2607 Deliberatio
263 2566 314 2606 ante
331 2549 472 2619 incinerata,
497 2562 525 2606 ab
543 2563 622 2607 oriline
639 2563 796 2624 theologorum
814 2565 896 2610 catho-

44 2639 138 2686 licorum
154 2640 247 2685 Bomrae
269 2640 364 2702 habita,
387 2655 414 2685 ea
432 2642 540 2686 Perronio
564 2647 668 2699 tartonam
693 2644 820 2689 uberrimus
846 2645 898 2690 fons

42 2726 91 2778 est,
118 2721 179 2766 unde
194 2733 266 2765 noras
296 2721 437 2779 suspiciones
463 2707 553 2767 haurire
573 2722 651 2780 possit.
693 2724 746 2768 Tam
767 2724 853 2769 heatus¹
875 2725 898 2770 iu

43 2799 155 2846 hocloco
172 2801 215 2848 sibi
229 2801 332 2858 ridetur,
356 2814 421 2858 quam
438 2802 457 2847 si
474 2805 522 2847 auri
539 2803 628 2847 fodinas
646 2803 779 2849 Golhondae
796 2803 897 2848 detexis-

44 2887 84 2926 set.
116 2883 193 2942 ltaque
207 2881 252 2926 illic
269 2880 373 2925 consedit
389 2882 514 2940 composito
532 2882 592 2928 vultu
610 2884 722 2927 mansueti
738 2883 896 2941 criminatoris,

43 2958 186 3021 lectoresque
202 2960 310 3006 inducere
326 2960 408 3017 studet,
425 2965 449 3005 ut
462 2949 563 3019 credant,
579 2974 725 3020 quaecuuque
740 2974 769 3005 ex
779 2960 823 3006 hoc
832 2961 896 3007 fonte

43 3042 192 3099 protraxerit,
215 3055 292 3087 aurum
308 3052 360 3086 esse
375 3054 453 3099 purum
476 3046 498 3086 et
515 3041 616 3086 solidum.
648 3041 794 3086 Nihilominus
810 3042 897 3102 impura

6 3130 8 3133 ·
44 3121 106 3175 palus
123 3128 165 3179 est,
180 3121 240 3166 unde
258 3133 298 3166 sua
313 3121 378 3178 petit,
393 3120 536 3166 nihilominus
547 3120 645 3179 perfidae
658 3115 827 3169 criminationes
839 3130 896 3181 sunt,

45 3211 191 3260 quaeeunque
207 3199 296 3246 molitus
312 3203 354 3245 cst.
376 3261 377 3264 Ἰ
