1979 3399
370 112 403 120 -·
444 88 496 138 esu
536 114 571 120 -

18 247 20 250 v
43 223 125 270 sufficit
140 237 181 284 pro
197 223 334 270 Bellormino
349 225 460 271 Hermesii
478 236 559 271 nomen
580 226 731 286 posuissent
747 224 813 270 huius
829 225 903 271 bisto-

43 307 100 350 riam
118 305 141 350 in
157 306 329 353 Bellarminiana
344 321 503 368 agnoscamus.
958 302 960 304 ’

105 385 150 431 Sed
166 386 211 431 hoc
226 401 240 432 a
254 388 320 432 uobis
336 388 456 447 impetrare
471 400 518 432 non
533 398 660 446 possumus,
677 384 796 443 quominus
813 384 836 429 in
853 398 904 429 me-

44 464 137 523 moriam
160 477 294 512 revocemus
315 467 399 512 diurno
420 468 458 512 illa
474 467 598 523 liistoricn,
623 465 776 524 quaevLeodii
792 464 905 524 prodeunt

43 556 147 603 quaeque
164 557 235 604 nuper
257 559 269 591 a
291 547 357 591 nobis
377 546 560 605 postulauerunt,
575 550 599 590 ut
614 558 681 590 unum
698 550 760 590 certe
777 545 903 604 exemplum

43 623 192 681 afferremus,
217 638 261 684 quo
283 627 432 685 probaretur,
456 626 528 671 libros
551 626 622 671 semel
638 626 662 669 in
678 624 777 670 lndicem
793 629 899 683 receptos

43 702 96 749 iude
117 716 194 749 rursus
220 711 344 763 expunctos
367 719 426 751 esse.
465 706 488 751 Si
505 705 590 749 [literne
604 703 728 760 historico,
752 716 810 762 quae
825 710 900 749 tamen

44 786 118 843 aliqua
139 799 214 831 rerum
230 786 309 831 notitia
326 787 433 832 instructa
450 799 502 831 csse
519 786 623 840 debeant,
640 796 689 827 cum
705 784 733 827 ab
750 784 844 828 historia
856 797 902 828 no-

44 878 96 909 men
111 866 155 910 sibi
170 865 271 923 feceriut,
287 867 403 922 nesciunt,
420 866 471 924 quid
490 865 599 911 acciderit
613 862 721 909 historiae
733 864 902 910 ecclesiasticae

44 943 172 989 Alexandri
188 943 285 1004 Netinis,
302 947 362 1005 quod
379 946 427 990 fere
443 945 564 1003 unicuique
578 947 716 1001 compertum
731 947 772 1000 est,
788 943 825 1002 qui
842 955 900 1001 quo-

45 1023 165 1068 dammodo
182 1024 268 1068 litteras
284 1023 427 1084 theologicas
445 1024 560 1081 inspexit,
577 1023 656 1068 mirum
678 1035 725 1067 non
751 1028 800 1079 est,
823 1023 903 1069 eadem

45 1105 159 1162 ignorare,
177 1116 234 1161 (pirae
249 1103 312 1148 libris
329 1103 458 1148 Bellarmini
474 1104 599 1150 evenerint.
622 1102 740 1160 Excerptis
749 1102 818 1147 modo
829 1108 906 1147 trans·
921 1133 923 1136 -

45 1183 134 1240 scriptis
156 1182 251 1228 lecimus
276 1182 336 1241 quod
356 1183 525 1241 postulaverunt
550 1183 629 1228 diurna
652 1181 762 1227 historica
791 1181 906 1226 Leodien-

45 1261 92 1317 sia,
109 1262 247 1319 exernpbnn,
270 1262 330 1321 qrrod
351 1262 551 1318 desideraverunt,
570 1261 679 1306 dedimus.
711 1260 735 1307 Si
753 1260 831 1306 diurna
848 1261 905 1306 ultra

46 1339 139 1383 edoceri
154 1352 179 1384 se
192 1341 288 1398 eripiant,
306 1340 424 1386 conferant
439 1340 507 1384 modo
523 1338 668 1384 novissimam
680 1339 763 1385 Indicis
780 1340 903 1385 editionem

46 1432 96 1462 cum
111 1420 231 1477 prioribus.
262 1420 287 1465 In
303 1420 415 1479 prioribus
434 1419 504 1464 libros
522 1420 653 1476 invenient,
671 1432 729 1477 quae
746 1432 775 1463 cx
789 1432 849 1465 noim
865 1426 903 1465 ta-

31 1499 90 1543 'oite
108 1499 191 1544 omissa
207 1505 265 1545 sunt.
297 1501 423 1559 Anquirant
441 1501 464 1544 in
480 1511 540 1544 nona
559 1499 624 1544 verbi
639 1500 712 1558 gratia
728 1499 770 1544 hos
787 1500 871 1545 libros:

77 1601 186 1647 Nicotaus
203 1603 343 1660 supernum
360 1604 387 1649 de
403 1602 580 1648 revolutionibus
597 1601 692 1647 orbium.

63 1681 163 1727 .Gulileo
182 1683 262 1727 Gulilei
279 1683 367 1741 diuloqo
386 1683 442 1728 doce
458 1683 495 1727 liei
511 1684 627 1742 conpressi
642 1683 665 1728 di
688 1687 778 1741 qrtnttro
795 1679 903 1727 [liorrnote

108 1774 134 1805 se
148 1761 251 1805 discor-re
267 1774 340 1818 sopra
355 1762 364 1806 i
382 1762 425 1806 dice
446 1762 549 1807 iniussimi
566 1762 655 1809 Sistemi
675 1762 710 1807 del
730 1759 814 1806 lllondo
829 1760 905 1807 Ptole-

114 1840 187 1885 muicc
205 1841 338 1899 Cepernico.

111 1972 158 2018 Hos
177 1973 259 2017 frustra
276 1975 386 2030 quaerent
407 1972 429 2016 in
447 1984 506 2018 nora
529 1975 630 2031 quamvis
653 1975 726 2032 posita
743 1978 766 2021 in
785 1975 906 2021 veteribus.

48 2053 104 2097 Num
118 2052 185 2111 igitur
200 2050 318 2108 quidquam
332 2051 416 2106 attinet,
433 2056 538 2107 quantum
553 2050 642 2109 quidem
659 2051 688 2096 ad
706 2052 817 2111 ellectum,
835 2059 908 2099 utrum

48 2131 106 2176 liber
122 2131 189 2176 tacite
204 2143 234 2176 an
249 2130 348 2176 disertior
366 2141 395 2174 ex
410 2128 487 2174 Iudice
505 2131 666 2189 exqrrrngatnr?

110 2210 153 2255 Per
170 2210 228 2254 haec
244 2211 311 2254 etiam
327 2208 355 2253 iis
371 2220 505 2266 responsum
522 2213 562 2263 est,
580 2210 679 2265 quinon
701 2210 756 2254 satis
771 2210 846 2255 edocti
863 2225 906 2256 ec-

50 2290 135 2335 clesiae
151 2291 302 2334 institutiones
320 2287 494 2344 experimentum
511 2300 597 2344 eorum,
616 2288 654 2346 qui
666 2287 777 2333 Hermesii
793 2302 863 2348 opera
876 2304 906 2335 cx

49 2368 127 2413 indice
148 2369 195 2413 tolli
215 2381 306 2427 operam
323 2366 447 2422 dederunt,
472 2379 521 2410 cum
546 2366 619 2424 aliqum
641 2368 797 2413 misericordia
816 2369 905 2415 derise-

48 2452 107 2492 runt.
148 2447 246 2494 Historia
263 2451 355 2506 operum'
372 2444 526 2491 blaceliiauelli
550 2446 593 2491 alia
614 2447 682 2492 etiam
701 2448 803 2506 exempla
820 2462 905 2507 suppe-

49 2529 120 2574 ditare
136 2533 217 2587 potest.
250 2527 352 2585 Denique
370 2526 389 2570 si
406 2534 521 2581 liciniqudm
536 2526 594 2570 liber
610 2526 689 2584 aliquis
706 2540 735 2571 ex
752 2526 828 2571 Indice
844 2528 904 2571 libe-

48 2611 110 2652 ratus
124 2610 192 2661 esset,
208 2617 237 2649 ne
253 2609 299 2648 tum
317 2603 405 2662 (pridem
416 2605 591 2661 experimentum
607 2606 713 2650 librorum
725 2606 835 2650 Hermesii
850 2605 904 2651 inde

48 2684 215 2731 liberandorum
231 2681 342 2728 eiusmodi
360 2681 447 2739 suisset,
464 2682 525 2741 quod
540 2681 693 2727 derideretur!

51 2893 223 2941 Testimonium
238 2892 367 2939 domestici
382 2891 510 2939 cuiusdam
527 2889 557 2935 de
571 2885 708 2935 Heruiesio.
746 2889 768 2932 I.
785 2886 821 2934 M.
840 2888 900 2938 Sul·
967 2889 970 2893 ’

112 2973 180 3020 leros
196 2975 222 3019 in
238 2972 377 3018 memorium
401 2975 540 3017 reuocatus.

110 3102 181 3146 Homo
200 3100 289 3159 quidam
306 3099 459 3144 descendebat
476 3099 503 3143 ab
514 3094 634 3141 Ierusalem
651 3097 673 3140 in
689 3093 786 3155 Iericho,
803 3104 825 3145 et
843 3101 902 3145 inci-

49 3180 81 3225 dit
98 3182 120 3226 in
136 3182 249 3238 latrones,
267 3181 305 3238 qni
322 3180 388 3224 etiam
406 3178 585 3238 despoliaverunt
602 3188 661 3220 enm:
681 3181 703 3220 et
718 3176 791 3236 plagis
808 3180 902 3238 imposi-

723 3265 755 3312 17
