1979 3399
381 92 582 143 -331-

47 232 145 288 ¹etiamsi
161 232 247 281 vellet?
272 234 322 281 Alia
340 234 441 294 exempla
454 234 536 281 afferre
552 232 762 294 supersedebimus,
778 229 821 277 sed
836 228 910 289 potius

51 312 84 376 ad
101 313 208 360 disertum
225 316 257 361 Pii
274 315 303 367 lV
319 319 462 375 praeceptum
477 315 501 359 in
515 312 578 359 Bulla
596 312 722 358 inirrrrctam
737 327 758 358 a.
778 309 841 358 15114
855 323 912 370 pro·
944 334 946 337 -

54 394 149 454 positum
166 396 347 456 provocabimus,
364 408 408 456 quo
425 394 546 452 unicuique
564 394 670 454 episcopo
685 393 833 451 interdicitur,
850 405 910 452 quo-
928 448 930 450 Ι

54 475 126 523 minus
144 478 197 523 fidei
219 477 385 538 professionem
402 480 520 535 proponat.
553 475 609 521 lluic
628 479 719 522 omnino
735 477 848 522 consentit
863 475 908 521 do-

54 555 126 600 ctrina
142 554 281 619 Roacuqtiqc
294 554 318 599 in
333 554 433 600 editione
447 554 555 599 historiae
570 554 737 602 ecclesiasticae
749 556 839 603 hlutulis
850 556 907 603 Are-

53 624 138 682 coadrr'
154 637 265 694 exposita,
281 634 311 680 ad
326 649 391 695 quarn
408 635 431 679 in
447 634 491 680 hac
506 648 532 680 re
547 634 645 680 lectores
658 638 749 683 omnino
765 639 904 684 remittimus.

52 716 214 785 Huiuscemodi
234 717 271 762 ille
285 717 362 778 verbis
385 717 501 763 disseruit:
527 716 590 775 „Non
608 729 659 762 esse
676 719 811 777 privatarum
829 718 907 765 eccle-

53 798 137 844 siarum
153 797 279 858 symbolum
297 797 413 855 condere,
432 798 533 858 quamvis
554 810 601 843 non
618 799 787 858 proponendum
803 799 905 845 omnibns

52 879 168 938 fidelibus,
186 879 223 926 illa
239 893 257 925 s.
275 870 372 926 Thornae
392 880 450 926 ratio
468 879 619 937 demonstrat,
645 893 687 939 qua
710 880 732 931 id
749 881 787 926 nni
803 882 904 926 Romano

51 962 150 1020 pontifici
172 962 290 1022 assignat,
310 965 334 1006 ut
356 974 437 1020 nempe
460 960 540 1006 eadem
566 960 594 1006 sit
617 961 684 1007 totins
709 962 820 1006 ecclesiae
840 961 903 1010 tides.

51 1041 110 1088 Sane
132 1042 152 1087 si
173 1041 264 1087 daretur
287 1042 406 1100 unicuique
432 1041 544 1087 ecclesiae
560 1040 693 1099 partIculare
718 1042 841 1101 symbolum
858 1043 905 1087 suis

50 1120 153 1167 fidelihus
167 1135 313 1181 proponere,
335 1122 440 1167 facillime
457 1122 559 1166 eveniret
574 1121 639 1166 unius
655 1122 765 1167 ecclcsiae
783 1123 906 1182 symbolum

50 1202 77 1248 ab
95 1203 165 1249 altero
181 1203 205 1248 in
220 1203 296 1249 verbis
313 1204 391 1249 saltem
409 1208 431 1248 et
447 1203 596 1263 explicatione
609 1203 775 1260 discriminari3
792 1210 858 1264 atque
873 1205 903 1251 ita

49 1284 193 1331 schismatum
211 1277 304 1331 occasio
320 1286 392 1343 possit
408 1285 469 1342 oriri,
487 1285 516 1330 ob
533 1297 589 1343 quae
606 1284 696 1329 vitanda
713 1284 759 1329 vult
775 1298 793 1331 s.
806 1285 902 1331 Thomas

48 1377 116 1411 unum
131 1367 255 1411 Romanum
273 1366 400 1425 pontificem
421 1379 489 1425 posse
512 1364 635 1424 symbolum
658 1365 734 1410 edere.
766 1364 790 1409 Id
809 1368 902 1424 praevi-

48 1446 109 1493 disse
119 1447 223 1493 videntur
239 1451 262 1492 et
278 1447 320 1506 ipsi
336 1446 439 1506 apostoli,
457 1452 592 1506 quapropter
607 1451 631 1491 ut
642 1459 709 1491 unum
721 1445 826 1506 idemque
837 1460 900 1505 sym-

48 1527 123 1573 bolum
139 1532 199 1573 esset
216 1529 239 1593 in
258 1527 363 1585 ecclesia,
380 1532 402 1572 et
417 1527 447 1572 ita
464 1527 546 1573 eodem
557 1527 625 1573 modo
640 1525 722 1586 ubique
733 1525 834 1572 fidelibus
846 1541 902 1586 pro-

47 1613 177 1667 poneretur,
194 1607 222 1654 de
238 1607 339 1667 symbolo
356 1608 438 1667 ubique
454 1606 617 1667 promrdgando
635 1619 765 1651 convenere
782 1614 900 1666 antequam

48 1685 207 1732 dividerentur.
240 1688 282 1741 Qui
297 1687 409 1732 eeclesiae
426 1685 540 1732 historiam
561 1692 727 1747 perscrutantur
742 1689 829 1746 sciunt,
845 1702 901 1749 quas

46 1768 122 1813 turbas
139 1770 197 1813 inter
213 1768 291 1814 fideles
310 1768 441 1813 excitaverit
452 1768 535 1813 additio
551 1768 611 1813 iacta
627 1768 728 1827 symbolo
745 1769 802 1815 illins
818 1772 897 1819 vocis:

46 1848 146 1906 Filioque
152 1862 161 1901 ς
187 1848 239 1906 quid
255 1860 311 1907 ergo
334 1861 380 1893 non
396 1848 612 1907 pertimescendum,
633 1849 672 1894 ubi
688 1850 782 1910 singulis
799 1852 902 1898 ecclesiis

47 1929 81 1974 fas
102 1934 163 1975 essct
186 1928 321 1987 particulare
338 1928 462 1988 symbolum
483 1929 619 1976 111111111θῖ1ίί
633 1934 662 1986 ¹).
699 1932 761 1977 llaec
776 1916 902 1992 Roncapb'u

46 2007 124 2053 scribit
140 2008 164 2052 in
180 2021 257 2067 opere,
274 2008 334 2068 quod
351 2008 525 2067 adprobantibus
545 2009 677 2056 censoribus
693 2012 800 2058 Romanis
817 2015 899 2059 editum

46 2092 87 2133 est.
119 2088 238 2135 Perronius
261 2102 316 2134 vero
339 2090 396 2134 hacc
420 2091 495 2135 omnia
518 2091 609 2135 minime
633 2097 710 2148 curat,
736 2095 811 2138 omnia
833 2094 900 2139 llocci

46 2159 112 2226 facit,
138 2172 292 2227 ,temerariam
315 2173 449 2216 novitatum
474 2171 636 2232 archiepiscopi
658 2173 799 2219 Coloniensis
825 2174 901 2220 laudat

45 2249 161 2308 ipsumque
176 2262 261 2294 summo
276 2251 375 2308 pontifici
392 2250 516 2310 adaequat,
534 2250 584 2295 dum
601 2252 632 2296 illi
649 2252 683 2297 ins
700 2253 822 2310 concedit,
839 2256 899 2315 qnod
954 2284 955 2287 =

45 2329 98 2374 huic
120 2334 143 2374 et
158 2329 259 2374 conciliis
279 2331 432 2375 oecumenicis
452 2332 502 2376 unis
519 2333 639 2391 competit,
657 2346 729 2393 eoque
744 2340 807 2381 recta
823 2337 859 2382 via
875 2338 898 2382 in

46 2408 146 2455 schisma
158 2411 265 2456 incurrit!

108 2488 166 2557 Nilpil
180 2489 219 2533 hic
236 2494 314 2535 noster
331 2491 450 2536 Perronius
466 2491 548 2548 habet,
569 2492 630 2552 quod
655 2494 679 2540 in
703 2495 803 2543 thesibus
819 2512 901 2556 repre-

45 2566 218 2625 hendat,·‘unum
233 2568 293 2626 quod
304 2569 377 2628 aliqua
390 2571 553 2628 vituperatione
570 2573 661 2632 dignum
677 2574 775 2633 videtur,
793 2591 860 2635 snper
874 2578 897 2622 id

44 2649 148 2707 transilit,
164 2653 188 2693 ut
197 2648 269 2707 gallus
282 2661 349 2707 super
360 2650 472 2695 carbones
484 2651 614 2698 candentes
633 2653 775 2712 ,Surrrrnrrrn“,
791 2657 827 2701 ille
838 2659 898 2703 scri-

45 2731 85 2788 bit,
105 2744 226 2789 ,summnm
246 2728 307 2789 quod
329 2729 373 2774 dici
389 2714 461 2787 possit
476 2730 521 2776 hoc
538 2739 586 2790 est,
607 2733 801 2794 archiepiscopum
818 2738 897 2781 melius

44 2812 143 2872 forsitan
159 2811 269 2857 facturum
286 2810 370 2868 fuisse,
391 2810 411 2854 si
435 2811 512 2856 theses
536 2827 589 2859 snas
606 2814 677 2858 forma
700 2816 806 2872 rrepotiou
824 2818 898 2876 potius

46 2905 112 2951 quam
131 2891 232 2951 position
254 2891 412 2938 exhibuisset.“
444 2892 489 2937 lam
514 2893 606 2940 alterum
622 2895 686 2940 nobis
703 2896 812 2954 ollertur,
836 2899 896 2957 quod

46 2974 198 3034 illustrandum
217 2979 257 3019 est.

106 3055 295 3114 Arcbiepiscopus
314 3052 454 3098 coloniensis
479 3054 545 3114 igitur
570 3056 618 3113 ipso
643 3055 751 3101 Pcrronio
777 3059 898 3105 confitente

86 3226 105 3279 1)
121 3227 186 3264 daret.
201 3229 256 3286 Alex.
271 3230 344 3267 tristor,
360 3229 468 3270 ecclesiast,
485 3231 509 3268 ed
530 3231 642 3280 homagiis,
655 3231 672 3268 T
675 3245 714 3269 orn.
725 3230 761 3271 Vll
776 3246 795 3285 p.
807 3232 851 3273 did,
