1979 3399
403 39 588 89 ..31-

64 177 145 229 terdon
161 175 261 238 ueritatis
285 177 321 222 rel
344 177 418 236 potius
438 176 576 223 certitudirns
598 180 621 221 et
635 173 712 233 sontes
728 174 829 219 veritatis
846 175 928 222 distin-

58 262 120 320 guit.
152 259 252 306 Eandem
276 259 442 312 distinctionem
459 260 542 319 ubique
559 258 617 318 apud
633 257 775 304 Hermesium
794 258 926 316 reperimus.

66 342 182 386 Oritcrinm
198 341 251 386 illud
265 341 357 385 unicum
375 345 422 385 est:
450 340 524 384 fontes
542 345 614 384 autem
630 339 744 395 veritatis,
762 338 785 383 id
803 344 839 383 est
852 338 928 384 fontes

65 424 218 483 cognitionum
234 422 395 478 humanarum,
422 419 451 464 ad
475 432 530 477 quas
552 419 659 478 applicari
683 419 737 465 illud
761 420 875 465 criterium
896 421 926 466 ita

64 511 146 565 queat,
168 510 192 550 ut
209 502 341 548 necessario
363 502 391 546 iis
409 501 512 546 assensio
531 500 658 547 adhibenda
675 503 716 559 sit,
737 502 813 561 plures
832 507 854 547 et
869 503 927 549 rarii

63 592 121 632 sunt.
153 585 318 630 Enumerantur
335 595 348 627 a
364 582 472 626 Perronio
490 594 584 640 ,sensus
602 584 708 639 exterior,
725 597 805 628 sensus
823 584 925 642 interior,

62 668 138 724 ratio,
163 665 306 710 auctoritas.“
351 662 451 707 Eosdem
474 661 548 706 lentes
566 662 633 706 etiarn
657 662 787 707 llermesius
811 665 923 723 agnoscit.

63 744 169 790 Ostendit
181 744 288 808 primum,
306 743 409 789 interiori
426 743 503 788 sensui
521 750 584 797 [nam
600 741 626 785 ab
644 741 688 786 hoc
701 742 852 802 incipiendum
869 749 924 802 est,)

64 841 113 872 eum
129 826 223 885 physica
241 826 379 871 necessitate
402 823 505 870 adhiberi
526 835 658 880 assensum,
683 836 757 882 necque
781 823 830 869 fieri
849 837 926 882 posse,

63 913 87 953 ut
102 907 161 952 hunc
179 921 311 965 assensum,
337 908 373 967 qui
390 905 428 951 rel
444 906 520 951 inuitis
543 905 610 950 nobis
635 904 762 963 exoriatur,
774 905 863 951 idoneo
880 906 925 952 ullo

63 994 195 1048 argumento
215 989 385 1034 labefactamus.
418 986 536 1044 Ostendit,
553 987 619 1032 etiam
638 986 745 1030 exteriori
761 988 848 1044 sensui,
868 1001 926 1033 oeu-

61 1070 96 1127 tis,
114 1070 213 1125 auribus,
235 1068 355 1114 dummodo
369 1068 529 1127 perceptiones
544 1068 600 1112 satis
617 1066 693 1111 clarae
705 1071 727 1111 et
739 1066 859 1114 distinctae
871 1071 924 1128 sint,

62 1152 219 1200 assensionem
242 1149 345 1193 adhiberi
371 1161 421 1192 cum
443 1147 524 1192 eadem
540 1147 686 1191 necessitate.
721 1145 833 1206 Ostendit,
851 1151 925 1194 ratio-

34 1221 45 1292 ι’
61 1245 113 1275 nem
131 1239 200 1275 sensu
216 1231 333 1275 strictiori
346 1242 398 1274 esse
414 1228 499 1274 iontem
524 1228 694 1287 cognitionum,
716 1239 773 1286 quae
795 1230 924 1287 pertineant

62 1312 91 1356 ad
107 1325 144 1356 res
160 1312 227 1356 etiam
244 1311 301 1356 ultra
319 1323 426 1356 sensuum
437 1310 606 1369 perceptionem
616 1314 723 1355 remotas.
754 1310 867 1369 Numquid
879 1312 926 1370 igi-

61 1397 97 1437 tur
113 1391 150 1436 hic
168 1392 246 1437 saltem
263 1392 393 1437 llerrnesius
410 1404 435 1436 se
453 1403 530 1435 rerum
547 1391 669 1448 scepticum
686 1390 794 1448 praebet!
810 1405 863 1436 num
879 1392 925 1437 hu-

61 1472 158 1517 iusmodi
174 1473 316 1531 cognitiones
333 1472 363 1516 in'
374 1471 440 1516 dubio
459 1470 562 1529 relinquit
578 1474 616 1514 aut
634 1469 791 1529 denegandam
802 1472 829 1517 iis
840 1486 924 1518 assen-

62 1552 150 1596 sionem
167 1565 219 1597 esse
236 1553 328 1597 statuit?
350 1552 420 1597 Immo
438 1553 575 1597 contrarium
596 1551 691 1607 evincit,
711 1551 922 1613 studiosissimetpre

60 1632 161 1691 inprimis
174 1617 530 1689 adversusllantium,Ficlrtiurn,
543 1631 614 1686 alios;
630 1629 777 1688 demonstrat,
788 1633 922 1691 principium

60 1699 151 1758 causale
169 1726 216 1758 non
232 1726 284 1758 esse
302 1712 398 1758 formale
417 1717 517 1769 tantum,
538 1715 562 1757 ut
580 1711 670 1768 dicunt,
692 1711 734 1757 sed
756 1713 819 1758 reale
835 1716 924 1772 princi-

59 1794 127 1851 pium,
144 1793 167 1838 id
184 1798 225 1851 est,
242 1794 354 1839 ulmeam
370 1792 465 1851 habere,
480 1798 505 1838 ut
523 1805 614 1838 causam
625 1791 773 1838 sufficientem
788 1806 835 1838 nen
853 1796 922 1855 cogi-

59 1877 108 1916 tare
119 1878 204 1917 tantum
215 1885 256 1918 seu
269 1872 343 1917 ideam
355 1873 404 1917 eius
414 1877 490 1917 mente
507 1872 638 1926 informare,
654 1872 696 1917 sed
713 1874 835 1933 cogitatam
854 1877 922 1921 etiam

59 1962 100 2008 pro
117 1954 166 1994 rata
184 1949 262 2007 (reali)
279 1949 364 1995 habere
383 1963 497 2009 cogamur,
515 1951 616 2010 quamuis
633 1951 656 1994 in
673 1966 764 1999 sensum
782 1968 829 2000 non
842 1956 921 2002 incur-

58 2034 101 2074 rat.
132 2029 167 2074 Ex
184 2043 227 2088 quo
243 2029 338 2089 intelligi
353 2030 421 2087 licet,
442 2044 519 2076 rursus
542 2030 597 2075 nihil
619 2043 672 2093 esse
688 2035 733 2078 nisi
749 2048 835 2080 merum
853 2049 920 2081 cem-

58 2114 163 2167 mentum,
179 2122 208 2154 ne
226 2109 298 2155 dicam
316 2111 467 2167 turpissimum
482 2110 632 2168 mendacium,
651 2113 710 2171 (prod
720 2114 841 2159 Perronius
852 2129 919 2160 com-

58 2193 168 2233 memorat
184 2202 205 2247 p.
223 2188 281 2233 365:
297 2188 409 2233 Hermesii
425 2195 522 2247 systema
539 2190 644 2234 concludi
660 2193 809 2239 sensualismo
829 2200 851 2239 et
867 2208 919 2240 em-

57 2268 157 2326 pirismo.
192 2266 295 2312 Ostendit
312 2266 409 2326 denique
424 2267 571 2325 Herrnesius,
589 2270 655 2314 etiam
673 2274 813 2330 auctoritati,
836 2276 856 2320 si
870 2288 918 2320 non

57 2348 151 2406 physica
168 2337 247 2394 saltem
268 2348 348 2394 morali
364 2362 414 2394 cum
431 2350 585 2407 necessitate,
608 2351 648 2395 sub
666 2354 733 2398 certis
750 2354 918 2400 conditionibus

58 2429 210 2486 credendum,
232 2429 300 2474 fidem
323 2431 525 2490 assensionemque
543 2431 693 2479 adhibendam
719 2447 786 2492 esse,
803 2449 878 2494 neque
894 2438 918 2482 in

57 2507 101 2553 hoc
119 2523 204 2568 genere
220 2512 312 2568 requiri,
327 2516 351 2556 ut
366 2524 404 2556 res
421 2510 481 2570 ipsas
499 2512 526 2556 ab
544 2512 587 2558 alio
604 2514 698 2569 traditas
713 2520 750 2559 aut
763 2518 849 2564 nostris
861 2531 918 2563 sen-

56 2589 118 2633 sibus
140 2602 273 2647 usurpemus
300 2596 337 2637 aut
364 2596 442 2636 uestra
467 2593 556 2636 ratione
582 2599 714 2651 perspectas
738 2595 869 2641 habeamus.
886 2626 916 2634 -

56 2670 175 2715 Perronius
191 2671 337 2729 reprehendit
352 2685 408 2729 eos,
427 2673 464 2731 qui
481 2672 657 2732 „philosophiam
670 2675 748 2721 uolunt
765 2677 916 2724 inchoandam

57 2760 108 2791 esse
122 2748 149 2792 ab
165 2748 260 2803 infinit0,
277 2755 379 2809 aeterno,
397 2753 507 2811 absoluto,
523 2760 547 2799 ut
563 2757 656 2800 remant
668 2757 750 2802 deinde
767 2757 795 2802 ad
810 2770 847 2802 res
862 2758 915 2802 hni-

56 2831 225 2886 tas,=creatas,
243 2831 423 2890 contingebant
455 2834 563 2881 Eosdem
574 2837 720 2894 reprehendit
744 2843 766 2882 et
788 2839 912 2885 insectatur

55 2905 192 2966 llermesius,
208 2911 275 2955 immo
292 2912 350 2956 inter
368 2914 411 2958 hos
427 2916 497 2973 ipseS,
515 2917 551 2975 qui
571 2918 594 2960 in
612 2916 730 2961 Germania
747 2918 781 2961 sic
797 2919 913 2966 invertunt

55 2989 179 3034 naturalem
195 2993 350 3049 cognoscendi
374 2995 488 3054 ordinem,
515 2998 596 3055 quique
615 2998 694 3055 partim
715 3010 740 3041 sc
765 3005 914 3046 amminerant

54 3064 156 3126 Perronii
172 3073 258 3127 amieis,
275 3072 405 3119 llermesius
424 3078 547 3121 acerrimos
568 3077 710 3121 aduersarios
727 3083 750 3122 et
766 3085 914 3126 accusatores

55 3145 128 3191 babet.
161 3151 219 3204 Ouid
230 3166 284 3213 ergo
303 3159 345 3211 est,
361 3158 421 3214 quod
436 3160 564 3215 Perrouius,
581 3157 618 3202 tibi
632 3157 803 3208 llermesianam
821 3163 912 3209 methe-
