1979 3399
409 53 610 103 -roe-

74 189 174 247 protulit.
209 188 305 233 Omnino
324 187 382 230 enim
407 186 487 230 lalsuur
502 189 551 240 cst,
568 184 627 228 hanc
644 182 809 228 distinctionem
827 195 840 226 a
857 184 937 229 lanse-

76 269 142 314 mstis
160 270 272 312 inuentam
289 278 349 310 esse.
382 265 507 310 Cardinalis
524 265 671 309 Bellauninus
692 262 938 319 101111111111011,1111-

75 350 165 403 tequam
187 344 304 388 Iansenius
320 348 386 388 natus
403 350 471 389 esset.
503 344 548 391 Sed
564 345 583 390 si
599 342 719 388 Perronius
734 341 758 386 id
773 341 859 397 nescit,
877 341 938 398 quod

79 424 199 482 theologus
215 429 259 468 tam
276 424 359 481 clarus,
375 428 399 468 ut
414 425 578 481 Bellannimrs‚
596 425 615 468 si
632 423 706 468 nescit
723 433 779 479 quae
797 418 938 464 celeberrimi

75 503 110 548 sui
125 503 212 548 ordinis
228 503 272 547 viri
289 502 429 560 docuerunt,
453 502 565 561 quomodo
582 502 660 559 sciat,
684 513 742 558 quae
762 497 837 543 media
855 501 937 554 aetate,

75 594 133 638 quae
151 594 224 639 usque
241 581 270 624 ad
286 586 387 639 tempora
405 595 423 627 s.
441 582 573 640 Augustini,
589 580 669 639 quibus
684 580 742 624 haec
760 578 875 622 distinctio
893 576 938 619 iam

73 661 193 718 reperitur,
211 662 314 719 exposita
338 661 384 706 sint
394 666 422 717 ¹).
453 661 489 706 An
505 660 562 705 hacc
578 659 691 705 distinctio
710 656 855 716 reprobanda
869 655 937 700 ride-

73 739 149 784 bitur?
166 740 225 792 Quid
240 741 309 798 igitur
324 740 391 797 inest,
410 740 470 798 quod
485 739 635 797 reprobetur?
652 738 692 782 Cui
707 737 808 795 dogmati
824 734 877 779 fidoi
895 747 937 778 ca-

75 818 174 863 tholicae
198 821 331 878 repugnat?
359 819 476 865 Eiusmodi
497 818 670 878 repugnantiam
685 828 752 860 nemo
772 815 823 859 dum
841 813 939 857 demon-

75 898 162 942 stravit.
194 897 240 943 Sed
259 899 396 943 contrarium
411 900 433 943 in
451 897 516 943 Actis
532 897 641 943 Rorrtonis
660 896 835 942 demonstratum
852 897 894 949 est,
911 905 939 936 ao

75 976 526 1034 1111111111111110010110111311011111111111111·7
543 978 563 1022 si
580 976 695 1031 addamus,
712 976 742 1019 ita
760 972 937 1017 demonstratum

78 1068 137 1112 esse,
152 1061 176 1100 ut
193 1056 300 1116 redargui
322 1069 368 1102 non
385 1058 465 1116 possit.
497 1057 534 1102 Ad
556 1055 615 1101 liano
638 1052 853 1101 demonstrationem
878 1062 938 1094 nova

79 1136 146 1179 ctiam
162 1140 276 1181 momenta
301 1136 356 1181 dare
381 1137 405 1180 111
430 1142 532 1195 promptu
548 1142 626 1193 esset,
644 1137 699 1181 dare
714 1143 834 1192 possemus
849 1135 938 1190 praeter

78 1202 225 1260 cardinalium
247 1214 292 1260 illic
313 1215 453 1261 laculatorum
471 1215 608 1273 Bellnrmtut,
625 1213 729 1270 Buronii,
745 1210 857 1268 Petronii,
875 1210 935 1255 alio-

9 1307 10 1310 *
78 1305 127 1336 rum
144 1293 212 1336 etiam
229 1292 343 1350 iudicium,
361 1294 384 1337 in
400 1295 501 1338 inanimis
515 1295 589 1339 causis
605 1307 647 1339 usu
664 1291 840 1351 comprohatum,
856 1291 939 1335 seriem

79 1370 193 1416 hominum
205 1373 389 1431 grauissimorum
405 1378 471 1431 atque
489 1373 716 1417 eelelnatissimorum
735 1383 764 1415 cx
781 1371 868 1415 cunctis
885 1381 940 1414 sac-

80 1448 136 1494 culis
153 1450 274 1509 ccclesiae‚
290 1452 328 1510 qui
343 1452 388 1496 lrac
407 1452 550 1497 distinctione
566 1453 601 1497 usi
622 1456 684 1506 sunt,
701 1461 834 1495 enumerare
857 1461 940 1507 posse-

80 1541 142 1574 mus:
167 1529 209 1574 sed
233 1529 278 1575 hoc
302 1535 363 1575 esset
384 1532 408 1575 in
433 1544 502 1576 causa
518 1536 596 1590 aperta
619 1536 641 1576 et
658 1531 768 1575 lectorum
785 1529 891 1587 patientia
917 1532 939 1571 et

82 1606 129 1651 otio
150 1610 173 1650 et
188 1607 266 1652 charta
285 1610 460 1668 intemperanter
477 1611 552 1667 abuti,
568 1610 613 1655 hoo
629 1614 690 1655 esset
708 1622 787 1666 aquam
797 1636 801 1643 -
811 1610 834 1652 in
858 1606 940 1651 dolium

82 1686 234 1731 Danaidarum
256 1688 374 1747 ingerere!
398 1687 457 1732 1111111
476 1688 530 1745 quio
544 1688 595 1745 [11111
611 1688 705 1740 renitent,
729 1686 807 1729 1111111111
832 1683 942 1740 corrrn'uct7

84 1765 144 1822 quod
156 1766 212 1823 fulsi
229 1766 282 1822 sirit,
298 1767 410 1811 sententia
428 1772 463 1812 est
479 1768 597 1813 uerissima
613 1780 631 1812 s.
647 1765 766 1825 Augustini
778 1768 807 1820 ²).

126 1943 146 1992 1)
160 1943 208 1980 Acta
222 1945 310 1982 Romana
326 1958 346 1995 p.
360 1943 400 1982 234
414 1958 457 1997 sqq.

125 2013 146 2063 2)
163 2012 275 2051 Fridericus
291 2013 315 2052 de
329 2014 391 2060 Kena,
405 2017 441 2066 qni
456 2017 556 2065 egregium
575 2015 656 2061 librum,
672 2025 732 2065 quem
748 2022 814 2049 coines
827 2007 944 2045 Fridericus

160 2081 277 2131 Leopoldus
292 2083 426 2134 deStellberg
442 2085 467 2121 de
481 2085 569 2123 historia
587 2084 699 2136 religionis
710 2085 757 2121 lesu
771 2079 857 2117 scribere
871 2077 945 2126 coepit,

162 2151 280 2200 exsequitur
296 2156 358 2201 atque
373 2153 458 2202 perficit,
473 2153 589 2189 clarissimis
604 2152 669 2189 verbis
680 2150 731 2188 lianc
744 2149 854 2185 doctrinam
870 2153 891 2184 et
903 2159 945 2183 non

163 2230 204 2255 uno
220 2219 304 2269 quidem
325 2220 370 2257 loco
388 2220 423 2257 sed
441 2221 532 2271 plurimis
548 2221 694 2270 pronuntiavit.
720 2220 780 2257 Sume
795 2218 837 2254 eius
851 2216 897 2253 libri
913 2221 946 2252 to-

162 2298 216 2323 mum
230 2288 285 2333 XIX,
303 2295 380 2338 partem
396 2291 428 2334 ll,
446 2297 466 2327 11
488 2290 619 2339 1111111251
634 2291 741 2338 scripturn:
768 2286 844 2338 „Quod
856 2286 883 2322 ad
898 2285 946 2321 Ori--

166 2357 221 2403 genis
241 2357 431 2395 condemnationem
451 2358 532 2404 attinet,
550 2371 573 2394 en
591 2371 633 2395 non
652 2363 683 2394 est
697 2357 779 2405 dugann,
796 2368 822 2391 ne
841 2355 946 2391 minimum

166 2424 248 2472 quiderm
268 2424 328 2460 fidem
349 2432 369 2461 et
386 2425 478 2474 dogmata
494 2432 631 2463 sacrosanctae
647 2426 745 2461 ecelesiae
764 2430 844 2460 nostrae
859 2424 947 2472 attingit,

168 2492 258 2541 pertinet
273 2492 327 2528 enim
344 2498 412 2541 aperte
428 2493 453 2528 ad
468 2506 510 2530 rem
527 2494 587 2538 facti,
603 2492 675 2531 adres
689 2493 713 2530 111
737 2496 947 2544 commutataque

165 2560 289 2596 testimoniis
314 2558 408 2595 humanis
433 2565 474 2596 tum
493 2572 540 2597 voce
564 2566 607 2597 tum
632 2563 707 2611 scripto
732 2562 815 2611 prolatis
840 2564 946 2608 nituntur,

166 2640 272 2679 nunquam
292 2640 339 2666 uero
362 2633 398 2665 aut
418 2626 518 2664 rarissime
539 2627 664 2667 documentis
686 2642 711 2666 ex
728 2630 783 2667 omui
803 2635 860 2679 parte
875 2630 947 2680 plenis.

165 2697 206 2734 Sed
221 2702 300 2734 constat
322 2697 375 2734 inter
391 2708 460 2749 omnes
480 2695 501 2730 in
516 2696 612 2733 eiusmodi
629 2697 688 2734 rebus
702 2698 753 2734 adeo
770 2709 857 2735 summos
874 2699 945 2747 ponti-

167 2766 215 2803 fices
230 2771 292 2816 atque
308 2764 393 2815 preinde
409 2765 470 2802 etiam
488 2765 573 2801 concilia
588 2772 608 2802 et
619 2766 673 2815 quod
687 2766 735 2803 inde
749 2773 821 2816 sponte
838 2767 948 2815 consequi-

166 2839 206 2879 tur,
227 2834 288 2871 etiam
308 2845 396 2870 summos
420 2831 526 2882 pontifices
547 2840 568 2870 et
591 2835 677 2872 concilia
698 2835 757 2870 sinrrrl
778 2847 844 2871 errare
868 2841 949 2885 posse.“

169 2902 230 2940 Sume
252 2902 340 2939 eiusdem
355 2902 403 2938 libri
422 2908 499 2938 tomum
511 2901 573 2947 uun,
586 2908 664 2953 partem
678 2904 705 2948 ll,
719 2909 740 2940 11
754 2903 799 2952 lege
815 2916 834 2952 p.
847 2904 886 2941 460
901 2907 949 2941 scri-

155 2960 240 3021 ptum:
256 2972 335 3016 „Etiam
352 2983 399 3007 uera
417 2968 502 3006 concilia
518 2969 606 3017 legitime
626 2978 736 3009 convocata
757 2977 777 3008 et
798 2972 836 3008 sub
853 2975 947 3023 auspiciis

170 3041 242 3077 summi
258 3040 398 3088 gubernatoris
421 3039 518 3075 eeclesiae
538 3041 668 3087 procedentia
689 3053 730 3077 non
750 3040 831 3090 quidem
852 3044 875 3081 in
888 3044 968 3082 relius>

170 3109 229 3158 fidei,y
243 3110 278 3148 sed
292 3116 360 3148 imnen
378 3110 401 3146 in
415 3108 476 3147 retus
486 3107 541 3156 ⁴sueti
555 3122 620 3146 errare
635 3122 708 3160 posse,
722 3109 743 3146 id
758 3121 835 3161 semper
851 3112 949 3149 creditum
