1979 3399
369 116 575 176 ..arn-

41 261 158 307 Romamrs
175 259 203 303 dc
218 270 255 303 mc
270 258 444 305 etconvietorio
461 257 732 318 catholico-theologico
750 271 819 305 curae
836 275 902 308 meae

44 340 180 387 demandato
197 328 392 398 restituturum
408 339 518 386 adversus
536 339 712 386 declarationem
727 353 800 385 meam
818 339 903 386 diurnis

43 420 210 467 universalibus
226 421 365 481 Atrgustanis
388 421 403 466 7
428 423 465 467 die
482 411 580 468 Ianuarii
601 422 718 472 insertam.
763 422 903 480 Quamquam

41 508 123 550 auctor
140 503 189 549 cius
198 503 316 547 relationis
324 503 427 548 Perronii
444 503 613 549 criminationes
629 516 658 550 ex
674 507 738 563 parte
747 503 902 561 inissasiacit,

41 589 119 630 tamen
137 590 160 629 ct
176 598 205 629 ex
220 584 268 643 ipsa
284 584 389 642 ratione,
406 597 451 643 qua
468 573 492 631 id
508 584 591 631 iactum
606 589 650 643 est,
669 590 691 630 et
707 598 736 630 ex
753 585 839 642 modo,
859 596 903 644 quo

43 665 160 711 accusatio
179 664 288 710 adversus
304 677 341 707 mc
360 664 427 709 allata
442 664 584 722 defenditur,
608 669 653 710 tam
676 670 784 711 constans
801 665 903 712 veritatis

44 744 122 789 odium
138 742 227 800 elucet⁷
249 742 309 801 quod
324 744 347 787 in
365 755 419 802 eos7
446 745 483 802 qui
503 742 532 787 ad
550 744 706 802 decipiendam
721 731 836 791 hominum
852 747 904 805 opi-

43 824 136 867 nionem
153 819 317 868 eiusmodires
334 810 436 869 scribunt
450 824 612 883 castigantque,
629 826 721 870 nonnisi
735 827 904 871 miserationem

44 902 147 946 excitare
162 904 243 960 possit.
284 903 347 948 Hace
372 903 488 949 miseratio
509 908 585 954 ¹tanuen
609 904 731 962 prohibere
754 919 801 951 non
817 909 904 974 potem,

44 982 164 1040 ‹puorninus
180 983 300 1027 veritatem
322 984 445 1027 contestari
462 986 485 1026 et
502 981 576 1026 denuo
593 982 683 1041 publice
700 984 817 1030 declarare
834 987 904 1030 susti-

46 1075 130 1121 neam,
147 1077 191 1120 ea,
217 1076 274 1121 quac
291 1064 313 1108 P.
329 1064 451 1108 Pur-ouras
468 1067 490 1108 ct
509 1063 537 1107 de
555 1068 627 1108 meet
645 1064 674 1108 de
692 1066 834 1111 conuictorio
851 1071 903 1111 ante

45 1149 172 1189 memorato
189 1146 350 1203 pronuntiavit,
366 1145 435 1189 rebus
451 1144 516 1189 inniti
531 1144 595 1190 falsis
613 1149 635 1188 et
652 1144 754 1191 detortis.

109 1224 204 1269 Bonnae
221 1225 257 1269 die
276 1225 290 1270 9
306 1225 440 1271 Nouembris
459 1224 526 1270 1839.

579 1304 812 1349 Aehte1·feldt.“

137 1497 188 1543 Duo
205 1499 298 1558 insuper
314 1499 365 1545 libri
381 1501 426 1545 iam
438 1501 492 1545 editi
503 1505 568 1558 sunt,
584 1499 728 1561 quibusillae
740 1498 905 1545 declarationes

46 1575 163 1634 copiosius
186 1579 344 1625 defenduntur.
381 1580 482 1625 Dicimus
504 1579 575 1624 libros
595 1592 689 1638 quorum
709 1592 767 1626 unus
789 1579 909 1636 inscriptus

48 1661 97 1701 est:
118 1657 298 1706 Trirrrrreirntus:
316 1660 460 1718 Berrirertitts,
478 1660 661 1718 Hdrsiplrcrtsitrs‚
680 1659 820 1714 Per'rom'rrs3
838 1659 909 1703 alter:

45 1735 234 1798 Antiperrcnius⁷
249 1741 274 1786 id
290 1746 325 1786 cst
341 1740 442 1800 defensio
459 1740 577 1785 seuiuariti
592 1739 705 1784 clericalis
722 1737 860 1783 Coloniensis
879 1751 909 1780 ee

48 1817 106 1860 netis
122 1818 191 1862 darete
209 1820 317 1864 Celerrime
335 1820 399 1878 apud·
412 1819 435 1864 Τ.
448 1819 472 1864 C.
490 1818 568 1863 Eisert.
600 1818 639 1862 His
654 1817 717 1863 libris
732 1816 908 1862 luculentissime
926 1850 931 1856 .

48 1901 72 1940 ct
86 1896 213 1942 admirabili
230 1900 337 1958 patientia
353 1899 487 1959 explicatum
505 1903 554 1954 est,
571 1910 636 1957 quam
652 1896 752 1941 detortas
769 1908 844 1940 rernm
861 1910 906 1940 no-

46 1981 143 2022 strarum
172 1980 283 2037 imagines
308 1980 429 2025 Perronius
452 1979 558 2024 exhibeat
583 1983 606 2022 et
631 1990 697 2037 quam
726 1982 802 2036 turpes
830 1982 906 2035 partes

45 2057 89 2102 iste
106 2063 129 2103 et
146 2059 230 2104 sibiet
254 2060 367 2105 ecclesiae
392 2058 471 2104 infelix
491 2058 559 2103 horno
584 2070 661 2102 coram
684 2056 813 2101 hominibus
837 2069 907 2115 agere

46 2135 120 2181 soleat
132 2142 159 2193 1).
191 2137 228 2183 Ad
244 2138 287 2184 hos
304 2139 374 2184 libros
391 2139 523 2184 remittimus
540 2142 563 2182 et
577 2137 655 2181 intimo
665 2140 760 2194 pectore
773 2136 906 2194 grimanus,

88 2335 107 2387 1)
124 2336 179 2386 Quid
198 2336 287 2374 sentiant
303 2337 397 2375 catholici
418 2339 439 2376 in
453 2336 561 2375 Gerrnania
577 2335 602 2373 cle
616 2334 717 2386 supientia
738 2334 840 2379 Petronii,
858 2346 906 2369 nam

126 2406 288 2453 protestantibus
303 2407 411 2443 Petronius
425 2413 446 2444 et
459 2407 560 2456 sapientia
574 2406 696 2443 Perrcniana
710 2403 800 2440 ludibrio
816 2403 906 2447 estslrcc

125 2486 149 2510 ex
163 2474 209 2509 locu
224 2486 284 2523 quem
299 2475 351 2511 infra
367 2475 441 2522 habes,
460 2475 547 2523 intelligi
562 2480 635 2525 potest.
663 2475 780 2524 Descriptus
795 2478 825 2510 est
840 2485 865 2509 en
878 2472 905 2510 li-

125 2544 182 2581 bello
194 2545 225 2580 cui
242 2546 325 2582 titulus:
341 2546 479 2583 Nouissimam
494 2547 595 2596 specimen
610 2544 728 2594 theologiae
742 2546 852 2584 lesuiticae
864 2543 904 2582 du-

125 2623 180 2652 ctum
195 2628 220 2652 cx
235 2616 413 2666 praelectionibus
428 2614 550 2665 theologicis
566 2615 670 2658 Petronii,
685 2615 709 2650 ab
719 2614 800 2652 licuriuc
813 2614 904 2652 carboli-

126 2697 157 2722 co.
179 2685 263 2736 Lipsiae
280 2684 338 2721 1839.
368 2685 489 2734 Scriptoreru
504 2684 564 2720 huius
580 2684 647 2721 libelli
663 2696 673 2719 c
690 2684 759 2720 sclicla
776 2684 905 2720 llermesiana

110 2767 166 2798 „non
181 2741 225 2791 esse
240 2767 264 2790 eu
278 2754 321 2804 ipsa
338 2753 479 2803 disputatione
493 2752 581 2789 dilucida
598 2758 620 2791 et,
634 2752 701 2789 sobria
720 2752 767 2787 sutis
784 2757 846 2800 patet.
880 2754 903 2788 ln

121 2827 163 2863 fine
186 2826 233 2863 libri
254 2827 350 2876 scriptum
368 2826 465 2874 legimus:
498 2825 672 2870 „Rationalistue
694 2822 765 2859 vident
787 2829 904 2870 argumente

126 2911 178 2948 quac
192 2898 241 2948 ipsis
256 2881 393 2948 (aramum)
408 2899 590 2945 opponunturessc
601 2895 670 2930 tenuia
686 2899 706 2929 ct
719 2892 816 2937 invalida,
833 2891 905 2928 rident

125 2978 149 3003 ea
172 2967 288 3004 eruditione
311 2965 454 3016 philosophica
468 2969 489 2999 et
503 2964 580 3014 ingenii
596 2964 711 3001 subtilitate
735 2976 779 3000 esse
796 2962 903 2999 destituta:

124 3039 266 3078 Protestarttes
281 3036 335 3074 nihil
349 3038 469 3080 inveniunt,
492 3035 546 3085 quod
562 3036 604 3072 ullo
619 3035 679 3073 morlo
697 3035 785 3085 ipsorum
803 3032 901 3082 disquisi-

125 3109 215 3146 tionibus
230 3110 303 3145 eriticis
324 3114 345 3145 et
364 3108 473 3158 exegeticis
494 3108 619 3159 aequiparari
633 3107 710 3157 possit,
732 3102 830 3157 infideles
843 3116 901 3153 argu-

125 3185 194 3216 menta
210 3185 309 3229 spernunt
323 3179 397 3230 quibus
411 3178 497 3216 interior
511 3178 600 3215 veritatis
608 3178 645 3224 uis,
660 3176 721 3214 robur
734 3182 755 3211 et
769 3173 819 3211 crdo
833 3173 901 3223 slecst3

123 3255 143 3287 et
161 3249 201 3301 ipsi
218 3249 322 3289 Catholici
341 3250 412 3289 aucto
434 3247 542 3287 immodico
564 3255 584 3286 et
605 3249 665 3285 aruris
685 3247 767 3284 omnino
788 3245 901 3297 disparibus
