1979 3399
433 83 633 140 -2064

196 229 305 276 mcmirri.“
348 226 391 286 „Ar
408 227 428 272 si
443 225 610 287 praelectiones
627 237 690 272 meas
717 226 745 273 de
761 227 838 288 logica
853 216 877 273 el
890 231 964 273 meta-

198 311 291 370 physica
308 307 379 368 probe
395 307 582 366 cousiderasses,
606 307 675 353 hodie
698 310 745 353 non
761 308 806 353 iam
822 321 886 355 esses
904 308 963 353 Her-

193 391 329 436 mesiauus.“
680 400 682 403 ’

178 483 232 529 Cum
249 483 362 527 sermonis
380 479 479 526 clausula
497 480 579 526 deesse
595 479 662 525 nohis
678 479 804 534 videretur,
829 478 889 524 hanc
904 492 964 539 quo-

103 578 147 625 que
165 575 299 622 comparare
315 575 408 622 operam
424 560 533 610 dedimus.
562 558 684 614 Quaerenti
700 559 760 623 mihi
769 571 903 618 responsum
919 564 962 616 cst,

100 648 139 693 hic
163 644 299 703 colloquium
325 641 411 688 loribus
441 643 523 700 apertis
545 644 568 685 et
589 639 670 685 clausis
696 633 781 684 linitum
807 651 866 685 esse.
917 640 963 686 Sed

103 728 170 774 etiarn
187 739 217 770 ex
233 724 362 783 fragmento
379 722 463 782 dialogi
480 720 546 765 allato
563 720 618 765 satis
635 723 715 779 patet,
738 719 963 766 Windischmannum

102 806 178 851 omnia
199 804 287 863 reliqua
307 807 432 862 systemata
452 798 607 859 philosophica
630 804 721 859 praeter
746 811 771 844 se
796 800 895 845 tolerare
915 813 962 846 vo-

100 885 171 930 luisse
188 897 235 930 uuo
248 882 396 928 Herinesiauo
410 885 513 939 excepto,
531 884 591 939 patet
604 881 670 925 etiam
688 892 716 925 eo
733 879 801 925 modo
819 893 844 925 sc
860 882 962 939 gessisse

99 965 334 1020 illiudisclnnannum,
352 976 379 1007 ac
401 963 421 1007 si
442 962 650 1019 totumimperium
671 959 757 1006 ordinis
778 960 962 1019 philosophorum

103 1045 272 1092 cuius-nonnisi
288 1044 376 1102 collega
394 1046 443 1087 erat
460 1041 518 1100 apud
536 1042 607 1100 ipsum
624 1040 696 1085 solum
721 1040 818 1096 fuisset,
840 1042 870 1085 ita
886 1042 962 1099 utqui

102 1127 257 1171 admitteretur
270 1129 307 1169 aut
321 1124 454 1168 relideretur
466 1121 494 1165 ab
508 1122 557 1166 eius
573 1125 628 1166 nutu
642 1120 779 1179 pependisse
794 1120 905 1178 uideatur.
929 1109 962 1166 lta

101 1221 128 1253 re
143 1220 199 1251 uera
215 1205 357 1259 existimavit,
374 1203 458 1247 artilrus
474 1203 561 1247 seilicet
576 1202 623 1246 suis
641 1202 747 1246 coiifisus,

163 1286 229 1339 Quod
246 1283 349 1342 discipuli
366 1282 485 1339 Hermcsii,
502 1294 558 1340 qrros
575 1295 642 1340 supra
659 1282 840 1338 memoravimus,
858 1279 960 1325 Essemus

101 1369 124 1409 ct
139 1362 286 1408 Eleenicla‘us
308 1360 497 1418 irerprcntioribus
522 1360 639 1405 auditoriis
654 1351 786 1424 ,gaudebant
809 1375 875 1420 quam
892 1361 960 1406 Vllin-

103 1443 278 1501 disclnnannus,
306 1441 354 1485 eius
370 1442 404 1484 rei
422 1453 490 1484 causa
500 1439 573 1484 *facile
588 1440 725 1499 int-elligitur.
757 1441 803 1487 Sed
818 1446 873 1485 uera
892 1455 960 1487 eausa

100 1529 145 1568 tam
166 1523 244 1582 gravis
267 1519 471 1566 Windisclimanno
495 1519 593 1575 accidit,
614 1525 638 1565 ut
661 1533 710 1564 eam
727 1523 840 1579 utinquam
863 1521 958 1567 rideret.

99 1603 149 1647 Hoc
165 1614 297 1661 persuasum
312 1612 363 1645 esse
378 1599 444 1643 nohis
459 1603 546 1657 potest,
573 1612 602 1643 ex
618 1604 706 1644 centum
724 1599 865 1656 candidatis,
884 1601 959 1658 quiin

100 1683 205 1728 examine
220 1694 266 1726 non
280 1683 409 1737 steterunt,
435 1687 482 1725 non
497 1693 565 1725 rmum
581 1692 649 1736 esse,
670 1681 707 1737 qui
727 1680 843 1725 infortimii
868 1694 959 1726 causam

101 1775 149 1807 non
165 1766 235 1805 totam
259 1763 297 1805 aut
313 1771 396 1817 magna
414 1771 444 1805 ex
464 1764 527 1817 parte
550 1760 574 1803 iu
594 1760 761 1806 examinatores
786 1761 881 1805 reliciat.
913 1760 960 1805 lam

103 1853 160 1887 uero
177 1839 393 1885 ll'indisclimannus
409 1850 456 1883 non
472 1839 492 1883 is
509 1843 571 1896 erat⁷
588 1839 625 1898 qui
642 1838 671 1884 de
688 1852 728 1886 sua
744 1840 880 1899 praestantia
896 1840 962 1885 ullam

105 1920 268 1966 dubitationem
285 1919 308 1962 in
324 1918 399 1963 animo
416 1930 457 1963 suo
476 1917 610 1963 admitteret.

197 2024 365 2083 „Ce1·toscio‚“
382 2024 411 2068 ad
429 2023 551 2069 Iohannem
574 2023 602 2068 de
618 2023 734 2069 lliillerum
754 2025 858 2083 scripsit,
874 2029 961 2082 „terrae

194 2104 286 2163 genium
303 2102 357 2147 milri
372 2116 441 2162 saepe
456 2116 511 2147 uera
528 2104 672 2163 suggessisse
682 2108 702 2161 ,α
720 2109 743 2149 et
758 2104 839 2149 eodem
855 2115 910 2148 suae
924 2102 962 2146 in-

195 2174 333 2227 fallibilitatis
350 2171 419 2227 sensti
434 2181 463 2226 ad
475 2181 587 2227 Gratzium
603 2178 711 2228 iniuriose
723 2183 827 2242 scripsit:
841 2182 887 2242 „Tu
903 2182 961 2227 edo-

196 2262 257 2306 ceri<
274 2268 299 2316 (a
315 2266 363 2316 me]
382 2260 460 2319 „plane
475 2273 522 2305 non
539 2261 596 2306 uisf‘

165 2374 386 2419 Windischmamms
396 2377 522 2421 iuramento
541 2375 690 2421 alfuunaturus
708 2376 805 2432 fuisset,
821 2375 961 2421 Heruresium

104 2453 148 2499 illis
166 2452 298 2503 doctoribus
315 2453 430 2499 auditores
446 2455 604 2499 conciliavisse
618 2460 641 2499 et
651 2454 696 2499 hoc
713 2454 808 2500 credere
823 2468 962 2514 persevera-

104 2535 144 2589 rit,
161 2546 211 2576 cum
230 2532 359 2577 Hermastus
376 2532 420 2575 iam
437 2532 483 2576 vita
501 2532 632 2577 decesserat
648 2538 670 2578 et
689 2534 720 2578 illi
743 2535 787 2580 duo
809 2534 853 2579 uiri
871 2535 894 2578 in
912 2535 961 2580 aliis

104 2613 172 2658 ctiam
189 2612 313 2657 academiis
333 2611 559 2657 cttnnincrsitatibus
582 2626 632 2658 cum
650 2612 728 2673 plausu
746 2613 865 2660 docebant.
897 2616 960 2662 Haec

103 2694 243 2740 asseveratio
269 2692 292 2735 in
324 2691 424 2749 partibus
454 2690 697 2737 Windischmannianis
727 2694 852 2738 consistere
877 2697 959 2753 coepit.

103 2773 243 2832 Quocunque
260 2770 364 2816 semestri
381 2767 493 2814 curriculo
509 2770 598 2816 ineunte
612 2773 728 2831 repetitur,
740 2785 814 2831 neque
824 2773 960 2819 erubescunt

102 2854 215 2909 homiues,
228 2852 345 2912 quominus
362 2849 515 2910 pinguissimis
531 2851 654 2897 mendaciis
666 2858 792 2898 sustentare
809 2867 859 2898 eam
870 2867 959 2899 conen-

102 2937 145 2991 lur,
161 2937 185 2977 ut
201 2944 272 2992 nuper
287 2930 407 2996 admodum
418 2930 583 2975 narratiuncula
601 2932 733 2977 diurnorum
747 2933 958 2993 ecelesiasticorum,

103 2996 160 3072 quae
177 3013 318 3070 Francolurti
334 3012 437 3070 eduntur,
455 3015 478 3054 el
495 3010 615 3058 declaratio
631 3013 791 3071 studiosorum,
812 3014 841 3060 ad
857 3027 914 3074 quos
931 3030 959 3062 ea

93 3105 140 3156 res
158 3093 279 3150 attinebat,
306 3094 329 3138 in
343 3092 440 3138 Diarais
460 3091 580 3150 (politicis)
598 3092 827 3153 Frunrcofurteasibus
837 3118 839 3120 >
851 3096 957 3142 ostendit.

102 3171 148 3222 Sed
166 3172 379 3221 lt'iirdiselimannus
397 3171 462 3220 simul
476 3171 592 3231 professor
609 3174 735 3223 ordinarius
752 3176 838 3223 ordinis
853 3177 958 3223 medico-
