1979 3399
372 79 582 131 2-38-

65 217 164 264 maxime
180 222 271 277 apertae
286 216 422 272 riderentur,
439 230 485 261 nou
497 215 570 261 selum
583 216 667 275 effecit,
683 223 707 262 ut
723 218 746 275 ii,
764 220 802 279 qui
820 232 847 266 se
860 220 920 267 scire

64 299 200 354 crederent,
225 313 290 359 quum
305 294 372 357 longe
389 297 455 342 etiam
472 298 578 343 abessent
593 313 606 343 a
622 312 676 343 uera
694 300 803 358 scientia,
819 301 920 360 perplexi

65 380 145 427 fierent
161 386 185 426 et
207 381 308 426 modeste
330 379 358 425 de
382 393 408 425 se
430 382 553 427 sentientes
564 383 594 439 1,),
608 394 686 426 verum
702 376 783 438 etiam,
803 386 827 425 ut
852 383 920 427 animi

63 475 148 518 eorum,
160 464 179 507 si
191 460 279 520 quid'em
289 460 375 520 ingenii
384 463 467 522 aliquid
477 464 569 523 inesset,
578 464 641 523 quasi
651 468 800 522 praegnantes
811 465 923 522 coricipe-v

63 547 121 598 rent,
130 547 154 585 ut
162 542 221 586 idem
229 543 267 591 eis
280 541 404 600 accideret,
421 532 482 602 quod
496 543 675 601 parturientibus,
686 544 801 590 doloribus
812 550 836 590 ut
847 559 920 605 ange

64 627 142 667 rentur
160 627 183 667 et
203 628 268 669 aestu
287 623 451 683 complerentur
470 623 584 684 [ἀπορίας
604 626 773 684 ἐμπίπλανται)
796 625 845 672 dies
859 639 920 671 noc-

64 707 145 762 tesque
156 704 229 762 magis
244 705 311 749 etiam
325 719 390 764 quam
403 705 461 749 illae.
492 705 534 749 Per
545 704 604 749 banc
614 710 636 749 et
647 708 746 751 excitare
761 708 852 753 dolores
868 711 921 769 ami-¹

66 799 153 830 mamm
171 790 194 830 et
209 785 290 830 sedare
307 785 378 844 potuit
388 789 418 845 2).
450 784 529 829 Mirum
545 797 592 829 non
609 789 644 829 est
662 786 723 843 quod
738 786 858 844 Socrates,
883 770 921 845 qui

67 867 134 911 talem
150 872 221 912 artem
234 867 351 911 adhiberet
362 867 440 924 paucis
448 868 503 911 satis
520 867 639 925 cognitam,
655 867 728 911 nurltis
744 867 868 924 molestam,
884 869 922 914 in-

65 949 121 993 cidit
137 948 160 991 in
175 947 278 1004 ludibria,
298 952 446 1006 contemptum
471 952 494 992 et
511 948 682 1005 persecutiones
699 947 836 1007 aequalium,
860 937 921 1008 quod

62 1086 282 1093 ἥψω-ς

109 1161 128 1211 1)
142 1159 248 1198 'l'henetet-
262 1174 281 1211 p.
296 1160 339 1197 143.
351 1160 373 1196 C.
389 1160 469 1196 Confer.
485 1160 539 1197 bleu.
551 1171 596 1210 pag.
610 1159 642 1197 80.
652 1160 684 1204 B,
696 1160 731 1196 ubi
744 1158 796 1197 ‘llaec
810 1158 921 1197 aitblenc:

146 1232 177 1280 „0
200 1233 306 1277 Socrates,
323 1232 392 1269 andivi
412 1232 506 1282 equidem
526 1238 633 1282 antequam
652 1236 717 1269 tecum
737 1230 851 1271 collocutus
870 1243 920 1278 suin,
974 1267 979 1276 ⁴

147 1312 168 1341 te
187 1303 240 1341 nihil
261 1304 318 1342 aliud
334 1317 392 1355 qnam
413 1310 434 1342 ct
452 1304 517 1355 ipsum
533 1304 637 1351 dubitare,
654 1308 675 1341 et
688 1302 759 1341 ceteris
773 1301 921 1340 dubitationem

143 1377 240 1424 iniicere3
260 1383 280 1414 et
290 1389 357 1421 nunc,
371 1383 393 1414 ut
407 1375 488 1426 quidem
502 1374 552 1413 mihi
567 1374 652 1419 videris,
671 1373 784 1424 praestigiis
798 1386 830 1410 me
846 1373 922 1423 decipis

146 1454 167 1485 et
185 1446 270 1484 fascinas
284 1452 306 1484 et
325 1460 392 1484 revera
408 1447 516 1493 incantas,
533 1452 555 1486 ut
572 1446 645 1495 plenus
663 1444 792 1483 dubitatione
814 1445 921 1482 extiterirn.

148 1517 176 1553 Ac
189 1516 263 1555 videris
274 1517 322 1554 mihi
337 1530 425 1568 prorsus,
440 1516 507 1568 siquid
517 1517 606 1555 cavillari
617 1517 682 1562 decet,
695 1515 808 1554 simillimus
822 1529 864 1554 esse
880 1521 922 1553 tum

150 1588 216 1638 specie
231 1594 273 1625 tum
284 1588 374 1639 reliquis,
389 1589 442 1626 latae
456 1588 487 1625 illi
500 1588 603 1640 torpedinl
612 1588 735 1636 maritimae3
748 1601 792 1624 nam
807 1586 858 1625 haec
871 1599 923 1637 quo·

149 1671 191 1708 que
204 1658 277 1709 cuique
293 1659 465 1710 appropinquanti
480 1665 501 1696 et
510 1660 601 1709 tangenti
614 1665 716 1710 torporem
731 1659 801 1705 allert3
815 1662 835 1693 et
848 1662 878 1703 tu,
891 1657 923 1693 vi-

149 1729 203 1767 deris
219 1730 269 1768 mihi
289 1745 343 1768 nunc
357 1730 409 1769 idern
425 1732 528 1776 intulisse,
550 1736 662 1782 torporem3
677 1740 746 1767 revera
760 1729 812 1765 enim
829 1726 923 1778 equidem

149 1807 171 1838 et
186 1802 252 1838 animo
269 1807 289 1838 et
303 1815 336 1840 ore
351 1807 434 1853 torpeo,
452 1815 490 1840 nec
509 1801 574 1839 liabeo
595 1801 644 1852 quid
665 1798 798 1852 respondeam
813 1798 872 1836 tibi.⁴‘
887 1800 922 1836 rel.

152 1871 209 1909 Adde
231 1872 319 1922 Sophist.
335 1886 355 1923 p.
370 1873 418 1918 230,
440 1871 475 1909 ubi
495 1872 562 1923 prisco
581 1878 602 1909 et
620 1871 689 1909 multis
709 1871 783 1908 usitato
802 1870 924 1908 instituendi

152 1942 228 1991 generi,
245 1942 300 1994 qrrod
313 1957 355 1981 non
368 1949 407 1981 tarn
421 1945 443 1980 in
457 1943 578 1995 inquirendo
592 1943 696 1990 consistat,
710 1941 780 1979 sedin
794 1940 922 1989 affirmando,

150 2012 259 2059 dictando,
274 2013 388 2065 diciturque
404 2012 568 2062 νουθετητικόν,
591 2014 700 2065 opponitur
718 2014 804 2050 alterurn
825 2012 923 2061 genusin

150 2084 268 2135 quaerendo
282 2086 371 2136 positum
387 2092 408 2124 et
421 2086 538 2137 quaerendo
550 2085 655 2124 mirificam
665 2084 764 2136 quandam
774 2085 813 2122 vim
823 2096 923 2121 exserens.

149 2156 270 2206 „Quaerunt
284 2156 419 2209 (διερωτῶσι)
434 2157 459 2195 de
473 2158 512 2205 his,
527 2157 552 2196 de
569 2157 642 2208 quibus
658 2158 754 2207 opinatur
767 2156 840 2207 aliquis
854 2168 876 2212 se
891 2153 923 2210 di-

150 2239 195 2262 cere
214 2226 324 2277 quidquam
346 2227 399 2265 nihil
413 2227 494 2275 (licens,
508 2228 584 2266 deinde
599 2234 670 2280 utpote
685 2228 800 2278 vagantium
817 2226 924 2276 opiniones

149 2296 210 2333 facile
226 2298 332 2347 explorant
346 2325 351 2334 .
365 2323 371 2335 .
384 2326 389 2335 .
404 2300 455 2336 .ΙίΙί
468 2301 503 2350 (sc.
519 2301 555 2350 qui
568 2300 606 2335 hae
617 2298 713 2335 methodo
728 2297 870 2347 instituuntur)
885 2296 924 2334 hoc

149 2366 242 2403 videntes
254 2367 334 2404 sibimet
344 2368 383 2418 ipsi
396 2376 521 2414 succensent,
537 2382 582 2418 erga
593 2369 682 2418 reliquos
692 2381 740 2405 uero
750 2368 848 2405 mansueti
862 2368 923 2423 liunt3

151 2445 213 2489 atque
233 2438 270 2475 hac
291 2439 331 2475 iam
350 2441 427 2477 ratione
446 2452 457 2476 a
477 2440 568 2489 magnis,
588 2451 637 2490 qiias
652 2438 677 2475 de
692 2451 713 2476 se
727 2439 766 2489 ipsi
782 2445 924 2491 conceperant,

151 2505 300 2561 obstinatisque
315 2510 446 2560 opinionibus
460 2511 585 2557 liberantur,
606 2522 658 2562 quae
672 2508 753 2561 quidem
767 2510 856 2548 omnium
870 2510 925 2549 libe.

152 2579 254 2615 rationum
267 2585 305 2629 nest
323 2586 343 2617 et
359 2580 430 2622 auditu
445 2580 588 2618 iucundissima
602 2585 623 2617 et
638 2580 668 2628 ei,
682 2582 714 2619 cni
730 2581 828 2631 obtingit,
849 2582 924 2620 firmis-

150 2650 200 2687 sima
220 2649 351 2700 (βεβαιότατα
366 2650 502 2703 γιγνομένη),
529 2651 621 2696 Etenim,
640 2652 668 2688 mi
687 2665 805 2703 care-puer,
828 2654 863 2706 qui
877 2653 925 2691 illos

151 2727 246 2772 purgant,
256 2722 424 2773 quemadmodum
435 2734 540 2773 corporum
550 2721 622 2760 medici
634 2722 724 2762 iudicant
733 2737 774 2761 non
788 2723 844 2775 prius
859 2728 926 2775 pastu,

148 2795 185 2845 qni
199 2793 333 2847 praebeatur,
348 2794 388 2830 frui
405 2805 464 2844 posse
478 2806 556 2843 corpus,
572 2807 638 2845 quarn,
653 2808 704 2845 qnae
719 2794 865 2845 impedimento
878 2793 926 2840 sint,

152 2877 178 2901 ex
192 2853 216 2902 eo
231 2864 332 2916 quispiam
348 2864 444 2909 eiecerit,
464 2866 492 2901 ita
507 2864 566 2901 etiam
581 2866 669 2903 animum
684 2866 802 2903 existimant
815 2876 857 2922 pon
869 2864 925 2915 prius

153 2947 179 2971 ex
191 2935 236 2981 his,
254 2947 307 2987 quae
320 2934 469 2986 praebeantur,
491 2933 602 2985 disciplinis
623 2937 732 2974 utilitatem
751 2947 794 2972 esse
813 2922 927 2986 capturum,

154 3018 214 3055 quam
225 3008 270 3058 quis
287 3008 377 3044 refutans
389 3006 497 3042 refutatum
506 3004 532 3041 ad
542 3005 657 3057 pudendum
668 3007 772 3046 induxerit
782 3006 857 3056 eisque,
873 3019 926 3057 quae

154 3074 265 3125 disciplinis
278 3078 424 3129 impedimento
439 3077 491 3122 sint,
511 3064 642 3126 opinionibus
663 3079 752 3130 expulsis
770 3091 841 3128 purum
857 3077 926 3114 reddi-

156 3144 211 3181 derit
218 3151 238 3184 et
247 3147 296 3185 haee
305 3155 389 3195 tantum,
404 3148 551 3186 existimantem
560 3162 581 3187 se
591 3150 648 3198 scire,
660 3162 713 3203 quae
725 3149 781 3195 sciat,
795 3161 836 3187 nou
845 3148 926 3200 pluras<

113 3217 136 3270 2)
150 3214 236 3255 Theaet.
246 3231 296 3269 pag..
313 3220 409 3259 tau-51.
