1979 3399
409 89 595 141 ¹..56..

77 240 126 273 sem
145 227 249 286 abripuit,
261 231 370 290 ⁴posteros
385 230 499 284 procreat,
517 239 544 271 ae
562 231 608 271 tum
625 226 647 270 in
664 227 742 273 mortis
758 237 855 273 messem
873 225 940 270 deei-

82 308 121 354 dit.
155 308 298 354 Praelervcbi
319 312 341 350 et
363 306 432 351 dilabi
456 319 533 352 coram
552 307 623 352 oculis
643 312 754 364 naturae,
767 308 846 353 omnia
865 319 939 366 geno-

79 391 150 435 rantis
167 390 286 447 omniaque
308 387 488 446 corrumpentis,
506 401 563 448 quae
580 388 630 447 ipsa
645 386 701 431 nihil
717 386 794 445 videt,
820 387 938 432 hacetum

80 473 125 515 vila
142 472 238 514 lnnnaua
254 472 296 513 est.
328 467 354 512 ln
371 468 436 514 brevi
452 469 635 529 peregrinatione
656 481 763 513 sensuum
779 468 886 526 voluptati
902 468 940 511 in-

80 549 191 607 dulgere,
213 549 257 593 hoc
277 561 346 593 unum
368 550 416 593 cius
439 549 539 606 lucrum,
557 548 618 608 qued
635 548 811 607 tamenlargius
829 549 940 605 contingit

79 628 209 687 passeribus
227 629 287 685 teeti,
304 629 404 688 piscibus
420 631 489 674 maris
505 630 688 689 silvestribusque
701 628 823 675 cultoribus
836 628 940 674 onrnibus

79 709 168 754 ratione
186 710 323 755 carentibus.
357 710 459 767 Omnes,
476 723 521 755 uno
540 710 654 757 hominum
670 724 756 772 genere
774 715 887 770 excepto,
904 708 942 754 le-

81 789 155 835 liciter
172 790 286 848 33331331,
305 791 354 836 lore
369 796 393 836 ut
407 795 557 849 put1·esoant.“

353 957 421 1022 Vtra
450 976 545 1022 intro
567 973 674 1034 fidem.

147 1106 210 1165 ,Non
227 1106 316 1165 species
332 1106 462 1164 ululabiles,
487 1119 542 1165 quas
558 1119 634 1152 rerum
657 1110 737 1151 natura
762 1106 817 1152 mihi
839 1108 954 1165 ostendit,

82 1187 136 1232 illud
156 1192 205 1244 est,
231 1200 275 1246 quo
299 1187 403 1232 mimdum
425 1188 536 1240 contineri
554 1187 652 1232 credam.
682 1185 736 1232 >Non
757 1200 814 1244 quae
830 1187 890 1232 oculi
907 1189 945 1232 in-

84 1272 174 1312 tuentur
192 1272 214 1311 et
231 1268 310 1325 quibus
326 1282 406 1313 sensus
425 1268 565 1313 delectantur
580 1273 631 1313 sunt
648 1267 701 1312 mibi
718 1280 759 1326 pro
771 1280 846 1312 rerum
863 1280 945 1313 essen-

85 1349 122 1393 tia.
155 1348 180 1392 ld
198 1362 280 1405 urium,
302 1349 361 1407 quod
383 1349 426 1393 illis
448 1350 526 1394 subest
549 1354 571 1392 et
594 1348 632 1393 illa
653 1353 722 1393 mutat
738 1348 842 1406 milleque
860 1349 946 1393 variata

86 1428 166 1472 formis
192 1427 316 1485 spectanda
330 1429 444 1484 exbibet,
465 1429 569 1486 quodque
592 1430 664 1486 ipsum
689 1440 769 1491 33333Ι
782 1440 828 1472 333
846 1429 947 1486 percipi-

87 1514 130 1564 tur,
146 1521 201 1552 vere
218 1509 317 1552 essentia
334 1513 375 1553 est.
408 1509 498 1553 Verane
514 1509 634 1553 essentia?
658 1509 724 1553 inimo
737 1512 759 1553 et
770 1508 815 1553 lroc
831 1508 886 1551 nihil
902 1509 947 1552 3131

85 1590 149 1634 testis
158 1589 224 1632 33133
238 1592 261 1632 31
270 1600 340 1632 verae
349 1589 477 1644 essentiae,
488 1588 542 1632 nibil
552 1589 596 1637 nisi
613 1587 682 1645 scala,
699 1588 722 1632 in
734 1601 776 1645 qua
787 1588 845 1631 ratio
862 1601 946 1631 aseen-

87 1669 120 1714 dit
137 1669 166 1713 ad
181 1682 250 1713 vinam
264 1681 385 1727 veronaque
401 1670 529 1713 essentiam.
563 1668 581 1713 Ο
598 1681 634 1713 me
651 1668 755 1724 felicem,
774 1668 812 1726 qui
827 1666 948 1712 intellexe-

89 1751 131 1795 rim
146 1755 214 1804 luurn,
230 1754 318 1806 natura,
335 1750 500 1794 testimonium!
517 1751 553 1795 lle
566 1751 662 1807 felicem,
681 1749 718 1806 qui
728 1747 877 1802 ascenderim,
887 1747 947 1791 nullo

87 1827 167 1872 labore
184 1827 297 1884 latigatus,
315 1828 338 1871 in
356 1832 406 1872 tuas
423 1828 496 1873 scalas
513 1828 542 1872 ad
559 1841 600 1873 333
618 1829 717 1873 entiuml
744 1828 817 1887 lpsum
835 1834 887 1883 [ens
905 1840 949 1871 33-
975 1817 976 1820 “

89 1909 156 1963 lium)
175 1908 290 1964 voluerat,
314 1913 339 1952 ut
354 1913 378 1952 tn
397 1909 451 1953 mihi
468 1909 529 1953 scala
546 1921 627 1964 esses,
650 1909 774 1967 ducemque
791 1908 904 1953 constituit
924 1908 947 1951 13

88 2001 132 2032 me,
176 1987 278 2033 Confisus
301 1989 358 2033 duee
386 1989 479 2033 ascendi
501 1989 529 2034 de
552 1989 624 2049 gradu
646 1988 675 2034 ad
698 1987 794 2048 gradum
812 1992 834 2032 et
856 1988 947 2032 viama

91 2074 152 2113 terra
164 2068 186 2112 13
202 2067 289 2112 coelum
306 2067 382 2112 inveni
407 2094 435 2100 —-
460 2059 549 2113 31333331
571 2069 680 2125 adeum,
705 2067 743 2125 qov'
759 2070 799 2111 est.
831 2066 948 2111 Laetitiam

90 2148 247 2203 advenientis,
276 2159 376 2191 ardorem
398 2147 572 2206 recipientis,o
597 2150 646 2207 quis
669 2160 764 2192 narrare
789 2160 839 2192 eam
860 2147 947 2205 possit!

89 2228 144 2273 llilri
160 2228 235 2283 onim,
251 2225 319 2285 longe
335 2226 451 2283 derclielo,
468 2231 492 2271 nt
508 2228 570 2272 scala
585 2240 657 2284 esses,
672 2227 774 2280 voluerat
789 2227 835 2284 ille,
852 2228 889 2285 qni
906 2232 948 2283 est,
980 2279 984 2283 „

92 2307 217 2363 ducemque
235 2311 257 2349 ie
268 2306 415 2349 constituerat
431 2307 454 2350 in
470 2319 514 2350 me.
541 2306 568 2350 Et
580 2307 629 2364 quis
645 2308 690 2351 iam
709 2307 773 2364 ego?
790 2305 947 2350 Ascenderam

91 2387 115 2428 in
141 2383 186 2427 alta
203 2384 294 2441 vidique
311 2383 395 2427 scalam
420 2383 461 2427 sub
485 2383 580 2440 pedibus
594 2386 667 2428 meis:
690 2385 737 2429 vidi
755 2398 790 2428 me
808 2386 948 2443 superiorem

40 2520 41 2523 Ἴ
92 2475 226 2521 essequam
245 2474 371 2519 supremum
386 2473 415 2504 ex
432 2461 540 2519 gradibus
556 2461 640 2520 scalae,
657 2467 856 2523 transgressusque
866 2477 947 2523 supre-

91 2556 152 2588 mum
169 2542 259 2586 omnino
278 2554 313 2584 mc
334 2540 483 2584 liberaveram
506 2555 519 2585 a
541 2547 617 2599 metu,
642 2556 671 2586 33
697 2550 719 2588 31
736 2544 783 2601 ipse
800 2544 856 2589 nihil
873 2558 948 2590 essem

69 2637 71 2641 ⁴
91 2623 136 2668 uisi
153 2633 210 2666 unus
232 2621 311 2680 aliquis
336 2635 365 2665 ex
388 2633 466 2664 eorum
489 2634 588 2666 nnnrevo.
620 2625 724 2669 Attamen
740 2625 771 2668 ibi
789 2637 878 2681 semper
893 2637 949 2682 per-

91 2716 185 2749 manere
204 2707 227 2747 et
243 2702 265 2745 13
281 2702 331 2746 Deo
346 2702 430 2746 laetitia
448 2702 567 2760 exsultare,
583 2704 606 2748 id
617 2705 669 2749 mibi
680 2719 726 2750 non
741 2717 875 2750 concessum
887 2709 948 2749 erat:

91 2797 143 2829 nam
159 2781 259 2827 nondum
275 2780 390 2826 exsolutus
407 2793 456 2825 sum
466 2781 554 2827 mortali
563 2783 687 2842 involucro,
704 2785 765 2844 quod
783 2785 841 2829 iulia
856 2796 949 2828 reman-

92 2865 133 2921 sit,
148 2876 223 2928 neque
239 2861 365 2907 ascendere
382 2865 464 2920 potest.
496 2860 532 2906 Ad
548 2863 614 2909 iidem
630 2870 712 2911 tantum
730 2865 839 2911 adductus
856 2865 894 2922 lui,
911 2870 949 2911 at-

93 2957 136 3002 que
154 2944 237 2989 infide
256 2948 280 2989 ut
296 2943 333 2987 bie
356 2947 466 2987 terrarum
482 2955 605 3001 pugnarem
624 2958 651 2990 ae
666 2947 797 3003 vincerem,
814 2945 837 2990 id
854 2946 949 3004 primum

93 3024 147 3068 milii
163 3026 286 3069 iniunctum
309 3027 349 3068 est.
383 3020 490 3067 Libenter
504 3023 622 3082 pugnabo,
644 3039 658 3070 o
675 3026 705 3070 mi
720 3025 794 3072 Deus!
820 3026 843 3073 Si
860 3026 949 3085 quidem

93 3115 168 3161 pugna
184 3110 230 3161 est,
247 3110 394 3164 posteaquam
411 3107 435 3146 31
451 3101 481 3146 'le
499 3107 520 3147 el
535 3118 571 3148 nie
588 3111 610 3149 31
626 3112 727 3150 naturam
747 3108 852 3164 cognovi.
886 3106 949 3159 Quae

95 3182 154 3227 enim
172 3182 338 3230 adversantur?
365 3185 485 3243 Voluptas,
502 3197 563 3242 opes,
581 3184 687 3245 bonores,
705 3200 807 3246 quaeque
825 3186 950 3233 311331313-
