1979 3399
364 65 558 114 a-m-

31 219 88 267 iprae
112 207 202 266 amdan
219 206 279 250 hona
303 207 413 266 ego-ntis
434 207 528 267 ¹eripere
546 204 631 257 nolim,
649 211 692 244 neo
711 209 782 254 uero„
798 198 842 241 nisi
858 211 894 242 me

30 291 79 348 ipso
96 294 245 343 contemnam,
263 288 352 345 eripere
366 288 460 346 possim,
478 299 580 345 quaeque
602 295 645 328 uos
656 281 730 339 ‘etiam
747 280 835 338 eripuere
853 278 895 323 illis

31 382 77 414 non
94 369 181 415 debetis
196 374 240 413 tam
258 366 346 410 noim-io
364 367 455 425 pretio,
475 355 541 423 anate
557 370 592 411 est
609 362 727 410 accusatio
744 359 841 405 honrinis
858 360 896 404 in-

31 452 89 510 tegri
105 455 128 495 et
143 447 336 499 innocentissimi!

31 710 159 758 Dubitotto
183 708 313 754 doctorum
338 711 447 754 atrorum
478 710 531 754 siae
550 704 696 764 scierrtiflao.
721 730 752 737 -—
779 704 895 763 siceotae

26 835 27 838 ,
94 787 308 842 Salmaticeoses‚
327 787 356 834 S.
374 786 488 848 Ltpuort,
505 785 641 842 Romilius,
657 783 790 844 professor
807 780 896 828 Ronm-

93 871 156 924 aos3
180 866 206 912 tt
230 878 313 912 omues
330 865 448 913 dubitarat.
475 892 506 898 -
530 864 722 911 Lorrreaaoi-sius
738 876 787 909 aori
802 863 897 910 dubitet

93 950 164 1007 isque
180 946 211 993 ab
227 949 356 1007 episcopis
374 945 577 1006 Froncopotticis
595 946 732 991 dominator,
747 968 779 976 -
791 942 897 988 Lorueu-

94 1029 170 1073 aatstt
188 1026 303 1072 doctrino
321 1040 367 1086 per
385 1024 550 1073 Germaniam
567 1051 597 1058 —-
619 1023 681 1071 Eius
695 1024 824 1071 doctrinae
839 1037 897 1087 corz-

94 1109 244 1167 sequentiae.

95 1263 187 1308 Praeter
203 1275 253 1307 eam
270 1263 440 1320 dubitationem,
457 1262 486 1307 de
504 1275 548 1320 qua
564 1261 637 1306 adhuc
648 1261 718 1306 locuti
728 1273 811 1316 smnus,
830 1263 897 1306 etiam

33 1342 93 1386 alind
108 1355 180 1401 genus
202 1347 237 1387 est
257 1342 416 1397 dubitationis,
438 1354 496 1399 quae
520 1341 548 1385 ab
568 1340 605 1384 itta
622 1345 702 1385 utrium
719 1353 759 1385 sua
778 1341 896 1398 discrepat.

33 1422 79 1467 Sod
90 1420 148 1466 haec
161 1422 251 1467 nonnisi
261 1421 333 1467 forma
349 1423 398 1466 eins
415 1426 515 1479 spectata
528 1420 672 1465 dubitationis
691 1433 774 1465 nomon
792 1426 898 1477 meretur,

33 1501 149 1545 materiam
167 1499 187 1545 si
209 1501 349 1558 spectaretis
366 1513 412 1545 non
429 1506 535 1545 mereim.
567 1500 622 1544 Cum
640 1513 666 1543 ea
684 1512 731 1544 non
751 1500 794 1543 nisi
812 1501 836 1543 in
853 1499 898 1543 do-

34 1580 113 1625 ctrinis
128 1580 244 1624 tradendis
260 1581 402 1637 reperiatur,
422 1592 468 1623 non
485 1580 565 1623 iniuria
583 1579 691 1623 [intritatio
713 1580 831 1624 doctorum
848 1581 897 1625 sire

19 1659 143 1722 dubitatio
165 1658 290 1703 scientifica
304 1651 421 1717 ‘appellari
441 1659 532 1716 poterit.
572 1659 638 1712 Quod
660 1659 804 1704 dubitationis
826 1674 899 1719 genus

36 1739 88 1797 qtnd
105 1738 185 1793 valeat,
204 1738 338 1782 Muratorius
355 1739 379 1782 in
390 1738 448 1801 litero
460 1738 535 1781 bonae
551 1737 623 1795 frugis
639 1738 770 1796 plenissimo
788 1739 817 1782 de
835 1744 898 1783 recto

33 1818 117 1862 iudicio
142 1824 226 1874 [sopra
246 1818 263 1861 o
286 1818 345 1861 biron
368 1817 450 1872 Gesta)
478 1817 540 1862 edito
568 1817 665 1863 (dilucide
684 1819 804 1864 admodum
825 1832 899 1878 expo-

34 1899 78 1944 suit
91 1902 98 1930 ¹
102 1909 120 1952 J.
152 1898 286 1944 Mmatorins
303 1900 334 1943 itti
350 1899 441 1943 scribit:

60 1971 61 1974 ¹
96 1979 179 2035 „Unum
198 1991 227 2021 ex
245 1978 372 2036 insignibus
389 1978 466 2037 rnagni
478 1978 564 2036 ingenii
582 1978 635 2023 iilud
653 1983 693 2037 osi,
713 1979 899 2036 qnmnadmodnm

13 2108 15 2110 ,
36 2058 212 2115 diminuamus
230 2058 258 2103 de
277 2059 344 2102 retms
362 2058 421 2102 berto
443 2058 560 2113 dnffitare,
591 2071 618 2103 ao
634 2062 708 2102 mento
723 2071 764 2103 sna
781 2060 802 2102 in
822 2060 900 2103 remo-'

38 2139 135 2182 tissimus
156 2143 232 2195 partes
250 2150 372 2181 excurrere
390 2136 597 2182 adinveniendum
615 2137 651 2192 td,
680 2136 740 2194 qnod
756 2138 827 2194 possit
843 2150 897 2181 son-

37 2217 112 2261 tentiis
131 2217 213 2262 nostris
230 2216 326 2275 oppam7
352 2221 418 2274 atque
434 2218 462 2262 ad
479 2216 618 2274 exploranda
634 2218 709 2261 omnin
727 2224 858 2276 argumenta
877 2225 900 2263 et

39 2298 152 2355 rationes,
177 2310 235 2356 tiriae
252 2296 390 2342 adversariis
408 2298 492 2342 nostris
509 2298 597 2355 possint
622 2297 645 2341 io
664 2298 824 2357 cogitationem
841 2300 901 2344 inci-

40 2376 101 2421 dere.
133 2377 203 2422 Nimis
218 2377 263 2422 levi
279 2378 373 2423 brachio
398 2390 436 2423 res
453 2382 535 2423 tractat
553 2377 581 2422 de
603 2379 715 2424 cathedra
734 2380 838 2436 docens,
862 2381 900 2440 qni

40 2459 114 2502 nescit
128 2459 223 2516 primum
240 2458 372 2504 discernere
389 2459 444 2504 istas
460 2458 602 2504 abiectiones
619 2472 710 2517 easque,
729 2460 808 2505 saitem
825 2465 900 2504 mente

25 2529 26 2532 ’
42 2548 96 2591 sna,
119 2537 209 2583 solvere
225 2543 292 2598 attpre
309 2553 452 2600 cognoscere
468 2553 547 2585 eomnn
564 2540 713 2585 infirmitatem
729 2553 756 2584 ao
771 2540 901 2596 uanitatem,

42 2615 62 2659 si
78 2623 234 2673 comparentur
249 2633 300 2663 oum
315 2622 407 2679 propria
424 2622 542 2665 sententia.
574 2620 630 2665 Nam
644 2633 711 2664 secus
728 2621 770 2677 ipsi
786 2633 833 2665 non
847 2634 900 2665 raro

44 2694 167 2753 continget,
182 2700 214 2752 nt,
231 2705 348 2758 postquam
366 2701 486 2756 iudicavit,
510 2701 532 2744 in
548 2712 615 2744 manu
630 2701 798 2758 competitorum
817 2699 901 2757 depre-

43 2772 127 2818 hendat
142 2774 236 2821 fortiora
253 2787 396 2838 argumenta,
410 2781 491 2839 quihus
508 2781 613 2825 indicium
628 2782 689 2838 prins
704 2794 716 2824 a
734 2793 760 2824 se
783 2779 848 2823 latum
865 2778 901 2822 ia-

45 2853 179 2899 hesaotetnn
205 2855 255 2901 Non
272 2859 325 2904 Satis
342 2861 386 2905 iste
403 2860 541 2905 consmnerit
559 2859 629 2918 prima
647 2861 754 2919 prirroipia
773 2859 854 2914 omnia,
872 2873 901 2905 rs

44 2984 223 3001 Νη..-

88 3072 107 3119 l)
123 3073 244 3113 ltifflessioni
259 3089 318 3129 sopra
332 3083 346 3118 it
360 3083 415 3120 imon
431 3083 495 3120 Gusto
510 3083 564 3119 nelle
578 3082 655 3117 sciente
670 3086 691 3116 et
705 3092 715 3117 e
731 3080 787 3117 nette
801 3083 844 3119 arti.
861 3083 902 3124 titi,

124 3144 150 3180 tt.
163 3158 206 3196 cap.
222 3146 252 3184 lt),
