1979 3399
417 82 618 132 -QOS—

82 216 204 276 desideret,
221 220 262 278 ipsi
278 219 334 264 alins
352 219 416 264 locus
432 225 535 265 serratus
554 225 595 265 est.
629 219 652 265 td
669 232 723 265 rere
739 219 783 264 troo
797 219 848 264 loeo
866 220 944 267 dicere

23 294 25 297 ’
84 302 139 346 satis
156 304 204 358 erit,
220 302 424 359 praestantissimos
445 301 592 363 philosophos
614 301 820 359 celeberrimosque
835 301 941 359 philoso-

85 382 178 440 phornnr
195 381 293 439 scholas,
310 380 427 426 Socratem
446 388 468 428 et
483 383 598 427 Platonem
614 368 637 427 et
659 381 790 439 Aretepinnt
807 386 829 425 et
853 379 946 424 Aristo-

84 463 148 505 telenr
164 468 187 506 et
203 462 290 506 Stoicos
310 467 333 506 et
348 462 461 506 Piritonenr
479 463 588 510 Indoeani
604 468 627 507 et
643 462 771 506 Hieroclem
789 476 837 506 enin
860 463 945 520 ingenti

85 533 244 602 discipidornni
271 549 361 590 caterva
387 549 448 590 stare
471 558 511 606 pro
535 548 611 589 nostra
626 547 744 590 sententia.
778 543 872 598 Quinam
888 557 945 587 vero

84 627 108 669 in
125 628 229 684 opposita
245 633 309 685 parte
331 641 380 692 enni
401 628 508 673 Pcrronio
525 630 712 687 conspiciuntur?
736 625 826 684 Epicuri
843 629 945 668 sectato-

85 718 133 761 res,
160 718 173 752 a
199 707 262 751 cuins
286 710 363 751 sectae
381 709 489 767 principe,
506 722 571 767 annn
586 713 682 767 negaret
700 708 775 753 oinnia
793 720 822 751 ex
843 705 944 749 hoiiitate

86 787 178 832 deorum
199 795 276 834 creata
302 802 360 845 esse,
382 803 448 847 qoinn
471 791 513 834 hae
538 770 649 834 sententia
676 789 717 833 diis
735 786 897 833 iinniortalibns
921 792 944 831 et

85 883 178 929 operain
190 876 212 915 et
221 870 319 929 pretione
332 870 445 915 sustulerit
457 873 549 916 ane-tore
562 870 680 927 Cicerone,
697 871 769 914 oninis
787 866 867 925 religio
881 867 945 911 radi-

85 951 143 995 citns
159 965 187 995 en
204 952 285 996 aninris
301 952 414 996 honiinnni
432 956 532 996 extracta
551 954 619 1007 θεῖ’).
656 951 738 995 Extant
754 953 853 994 veterani
869 948 946 1008 philo-

88 1030 210 1089 sophorum
223 1031 273 1076 toea
285 1032 402 1091 quiiedani,
418 1031 534 1091 splendida
546 1033 681 1088 testimonia,
696 1033 719 1076 in
732 1030 863 1076 deotissime
875 1042 945 1088 opere

86 1109 182 1167 Petaoii,
195 1113 230 1156 eni
241 1112 309 1157 index
320 1111 348 1156 de
360 1112 487 1171 ttieotopicie
498 1111 636 1170 itepninrtidor
646 1117 666 1172 ²)
684 1111 786 1167 collecta,
797 1117 944 1171 pertractata:

88 1196 134 1236 tota
151 1206 206 1237 vero
224 1194 325 1251 quaestio
344 1197 488 1252 veterumque
506 1195 631 1238 sententiae
644 1207 755 1238 excussae
767 1197 818 1238 sunt
834 1192 857 1236 in
868 1191 945 1249 Ephe-

88 1272 211 1317 nreriditnrs
227 1273 390 1317 Bonnensibus.
424 1274 470 1318 Nos
493 1275 560 1333 igitur
583 1275 612 1319 ad
632 1274 703 1320 libros
723 1286 801 1319 sacros
818 1286 946 1331 pergemus.

86 1354 142 1398 Nam
163 1360 214 1399 sunt
234 1355 249 1398 ii
270 1355 322 1399 libri
344 1355 372 1399 ad
395 1368 451 1413 qrios
473 1356 598 1400 adversarii
615 1360 756 1413 provocant,
781 1367 809 1398 ex
834 1353 862 1398 iis
880 1354 947 1398 locos

87 1434 183 1480 afferunt
200 1436 280 1495 qnihns
297 1449 359 1481 suani
378 1437 507 1495 opinionein
523 1436 605 1482 iirrnari
621 1450 690 1496 posse
709 1437 851 1482 arbitrantur.

150 1517 207 1560 Esse
224 1518 247 1561 in
263 1530 329 1562 saera
348 1518 456 1575 scriptura
474 1521 496 1561 et
511 1517 598 1563 Veteris
617 1524 639 1562 et
654 1518 711 1565 Nori
731 1517 869 1563 Testamenti
886 1516 947 1561 nint-

89 1602 124 1642 tos
147 1597 228 1654 locos,
252 1598 289 1656 qni
313 1597 500 1656 magnificentiam
516 1598 552 1643 dei
570 1598 703 1657 praedicent
725 1597 875 1656 exoperibus
897 1597 947 1641 eins

88 1684 251 1737 apparentem,
278 1679 301 1723 id
321 1677 417 1723 dubitari
433 1679 516 1738 nequit.
558 1679 620 1725 Haeo
640 1679 807 1739 magnificentia
825 1682 885 1723 tanta
904 1682 946 1733 est,

89 1772 132 1803 nos
149 1772 228 1804 ornnes
249 1759 307 1804 adeo
332 1759 456 1803 circumdat
475 1764 497 1804 et
520 1758 598 1804 oeulos
618 1764 709 1806 nostros
725 1760 755 1804 ita
773 1759 909 1818 perstringit,
924 1763 947 1803 nt

89 1838 160 1884 latere
177 1840 289 1884 nendneni
302 1839 428 1883 mortalium
445 1840 522 1898 possit,
538 1840 575 1899 qui
591 1853 637 1884 non
654 1839 683 1885 ad
700 1844 822 1885 extrennnn
833 1844 947 1897 stuporem

90 1919 194 1980 delapsus
212 1921 247 1966 sit.
265 1949 296 1958 -
319 1920 436 1974 Qnornodo
452 1922 520 1980 igitur
540 1923 662 1981 scriptores
684 1923 755 1980 sacri,
776 1920 899 1982 prophetae
924 1926 947 1966 ct

90 2002 186 2061 apostoli
203 2015 252 2047 eain
268 2002 356 2047 silentio
369 2003 492 2061 praeterire
503 2004 618 2062 potuere?
636 2003 681 2051 Sed
696 2004 820 2060 vinearius,
838 2001 891 2060 qnid
906 2015 947 2046 re-

89 2081 244 2141 spondendum
266 2083 294 2127 sit
319 2082 348 2127 ad
364 2082 424 2127 hane
440 2083 608 2141 quaestionem:
626 2084 680 2130 idne
698 2084 786 2130 nttinnrs
805 2084 855 2129 finis
871 2084 946 2141 operis

89 2169 139 2221 est,
156 2161 217 2223 qnod
233 2163 331 2208 nraniine
357 2161 409 2207 inde
433 2162 523 2222 elucet,
550 2165 610 2223 qnod
633 2165 711 2211 artifici
728 2179 835 2211 suininarn
850 2164 947 2224 gloriani

90 2243 213 2290 conciliat?
237 2244 286 2289 Non
304 2242 342 2288 din
356 2256 393 2288 res
405 2244 478 2289 aninio
492 2245 598 2305 agitanda
615 2251 657 2304 cst,
673 2252 696 2292 nt
712 2247 869 2306 intelligamus,
888 2259 946 2291 con-

89 2327 181 2371 trariunr
198 2312 338 2370 statuendam
351 2337 417 2380 esse;
436 2338 509 2383 neque
526 2338 581 2370 vero
600 2326 644 2371 iani
660 2340 688 2371 ex
704 2328 807 2371 omnihus
825 2326 867 2371 iltis
882 2326 947 2384 locis,

91 2406 192 2464 quamvis
208 2403 341 2461 magnifiee,
366 2405 465 2459 qirainvis
487 2404 579 2462 pulchre
597 2405 693 2464 gloriani
711 2412 733 2450 et
747 2408 887 2451 maiestatem
910 2406 946 2452 dei

91 2485 229 2545 depingant,
254 2482 411 2539 consequitur,
437 2496 451 2526 a
477 2483 520 2526 deo
543 2497 606 2527 suain
627 2485 722 2544 gloriani
746 2491 849 2545 tairqnani
873 2487 947 2545 finem,

90 2563 150 2626 quod
172 2567 305 2623 sequeretur
328 2561 352 2606 in
376 2561 453 2607 rnundi
476 2563 590 2608 creatione
606 2568 628 2609 et
644 2569 832 2627 conservatione,
853 2549 947 2627 qnaesi-

90 2653 135 2692 tain
152 2657 211 2693 esse.

153 2725 240 2770 Psalmo
258 2724 294 2781 18,
311 2724 325 2768 9
343 2723 418 2769 verbis
441 2723 530 2782 (pridem
547 2724 649 2772 dilucidis
674 2730 780 2788 scripturn
803 2734 851 2774 est:
872 2730 947 2788 „Coeli

91 2810 197 2850 enarrant
213 2805 307 2865 gloriani
326 2804 363 2849 dei
385 2808 407 2848 et
424 2817 493 2861 opera
510 2817 611 2851 nrannrnn
628 2808 676 2852 eins
689 2811 804 2854 anrinntiat
818 2811 947 2856 tirrnainen-

90 2892 155 2932 tumn
189 2885 234 2933 Sed
255 2887 274 2930 si
297 2897 334 2929 res
357 2889 447 2929 creatae
470 2883 506 2927 dei
522 2884 614 2943 gloriani
631 2888 743 2934 incidente
760 2890 911 2949 praedicant⁷
928 2894 947 2938 si

90 2969 117 3024 is,
134 2967 171 3025 qni
188 2979 225 3011 res
242 2971 330 3011 creatas
352 2964 496 3020 considerat,
514 2979 542 3009 eo
559 2967 587 3012 ad
605 2968 641 3014 dci
657 2971 827 3018 venerationem
845 2972 944 3032 iinpcdi-

132 3161 151 3212 i)
165 3160 234 3197 Cicero
250 3161 273 3197 de
289 3165 360 3197 natura
373 3158 455 3196 (leonino
472 3159 486 3204 l,
501 3155 532 3194 dd.

131 3231 151 3280 a)
166 3231 246 3269 donner
260 3231 371 3270 Zetis-cnon
385 3232 449 3271 fascic.
465 3232 482 3270 ll
497 3237 516 3268 et
530 3231 564 3268 111.
