<?xml version="1.0" encoding="UTF-8"?>
<!DOCTYPE html PUBLIC "-//W3C//DTD XHTML 1.0 Transitional//EN"
    "http://www.w3.org/TR/xhtml1/DTD/xhtml1-transitional.dtd">
<html xmlns="http://www.w3.org/1999/xhtml" xml:lang="en" lang="en">
 <head>
  <title>
</title>
<meta http-equiv="Content-Type" content="text/html;charset=utf-8" />
  <meta name='ocr-system' content='tesseract 3.04.00' />
  <meta name='ocr-capabilities' content='ocr_page ocr_carea ocr_par ocr_line ocrx_word'/>
</head>
<body>
  <div class='ocr_page' id='page_1' title='image "MN5163ucmf_1_0384.png"; bbox 0 0 1979 3399; ppageno 0'>
   <div class='ocr_carea' id='block_1_1' title="bbox 366 88 569 151">
    <p class='ocr_par' dir='ltr' id='par_1_1' title="bbox 366 88 569 151">
     <span class='ocr_line' id='line_1_1' title="bbox 366 88 569 151; baseline 0.01 -11"><span class='ocrx_word' id='word_1_1' title='bbox 366 117 400 128; x_wconf 90' lang='lat'><em>-</em></span> <span class='ocrx_word' id='word_1_2' title='bbox 428 88 494 151; x_wconf 56' lang='lat'>‚344</span> <span class='ocrx_word' id='word_1_3' title='bbox 529 121 569 133; x_wconf 90' lang='lat'><em>-</em></span> 
     </span>
    </p>
   </div>
   <div class='ocr_carea' id='block_1_2' title="bbox 34 222 942 3269">
    <p class='ocr_par' dir='ltr' id='par_1_2' title="bbox 34 222 903 1258">
     <span class='ocr_line' id='line_1_2' title="bbox 34 222 897 292; baseline 0.006 -16"><span class='ocrx_word' id='word_1_4' title='bbox 34 230 89 277; x_wconf 89' lang='lat' dir='ltr'>licet</span> <span class='ocrx_word' id='word_1_5' title='bbox 106 231 188 292; x_wconf 82' lang='lat' dir='ltr'>quiea</span> <span class='ocrx_word' id='word_1_6' title='bbox 205 227 377 276; x_wconf 90' lang='lat' dir='ltr'>transmiserunt</span> <span class='ocrx_word' id='word_1_7' title='bbox 394 230 424 276; x_wconf 85' lang='lat' dir='ltr'>ad</span> <span class='ocrx_word' id='word_1_8' title='bbox 440 230 585 289; x_wconf 87' lang='lat' dir='ltr'>Perronium,</span> <span class='ocrx_word' id='word_1_9' title='bbox 607 231 647 290; x_wconf 83' lang='lat' dir='ltr'>qui</span> <span class='ocrx_word' id='word_1_10' title='bbox 661 244 690 277; x_wconf 91' lang='lat' dir='ltr'>eo</span> <span class='ocrx_word' id='word_1_11' title='bbox 708 232 774 292; x_wconf 86' lang='lat' dir='ltr'>ipso,</span> <span class='ocrx_word' id='word_1_12' title='bbox 791 222 852 291; x_wconf 83' lang='lat' dir='ltr'>quod</span> <span class='ocrx_word' id='word_1_13' title='bbox 867 234 897 281; x_wconf 84' lang='lat' dir='ltr'>ed</span> 
     </span>
     <span class='ocr_line' id='line_1_3' title="bbox 37 299 903 371; baseline 0.006 -15"><span class='ocrx_word' id='word_1_14' title='bbox 37 311 149 360; x_wconf 88' lang='lat' dir='ltr'>eiusmodi</span> <span class='ocrx_word' id='word_1_15' title='bbox 172 312 292 357; x_wconf 82' lang='lat' dir='ltr'>conamina</span> <span class='ocrx_word' id='word_1_16' title='bbox 308 323 334 357; x_wconf 89' lang='lat' dir='ltr'>se</span> <span class='ocrx_word' id='word_1_17' title='bbox 352 310 456 358; x_wconf 77' lang='lat' dir='ltr'>adhiberi</span> <span class='ocrx_word' id='word_1_18' title='bbox 472 299 600 371; x_wconf 87' lang='lat' dir='ltr'>patiuntur,</span> <span class='ocrx_word' id='word_1_19' title='bbox 626 316 650 359; x_wconf 89' lang='lat' dir='ltr'>ut</span> <span class='ocrx_word' id='word_1_20' title='bbox 664 314 745 360; x_wconf 81' lang='lat' dir='ltr'>miselli</span> <span class='ocrx_word' id='word_1_21' title='bbox 761 314 836 361; x_wconf 89' lang='lat' dir='ltr'>attrito</span> <span class='ocrx_word' id='word_1_22' title='bbox 852 314 903 361; x_wconf 85' lang='lat' dir='ltr'>iam</span> 
     </span>
     <span class='ocr_line' id='line_1_4' title="bbox 37 391 901 454; baseline 0.003 -17"><span class='ocrx_word' id='word_1_23' title='bbox 37 392 124 451; x_wconf 88' lang='lat' dir='ltr'>pudore</span> <span class='ocrx_word' id='word_1_24' title='bbox 141 391 245 437; x_wconf 88' lang='lat' dir='ltr'>homines</span> <span class='ocrx_word' id='word_1_25' title='bbox 263 397 410 451; x_wconf 77' lang='lat' dir='ltr'>comparent,</span> <span class='ocrx_word' id='word_1_26' title='bbox 427 420 456 429; x_wconf 81' lang='lat'>-</span> <span class='ocrx_word' id='word_1_27' title='bbox 474 394 496 438; x_wconf 94' lang='lat' dir='ltr'>in</span> <span class='ocrx_word' id='word_1_28' title='bbox 514 394 694 439; x_wconf 71' lang='lat' dir='ltr'>consolationem</span> <span class='ocrx_word' id='word_1_29' title='bbox 712 395 797 441; x_wconf 91' lang='lat' dir='ltr'>addere</span> <span class='ocrx_word' id='word_1_30' title='bbox 810 408 901 454; x_wconf 69' lang='lat' dir='ltr'>possu-v</span> 
     </span>
     <span class='ocr_line' id='line_1_5' title="bbox 36 465 898 534; baseline 0.002 -19"><span class='ocrx_word' id='word_1_31' title='bbox 36 485 100 528; x_wconf 89' lang='lat' dir='ltr'>mus,</span> <span class='ocrx_word' id='word_1_32' title='bbox 118 465 210 517; x_wconf 88' lang='lat' dir='ltr'>nonnisi</span> <span class='ocrx_word' id='word_1_33' title='bbox 227 487 297 519; x_wconf 79' lang='lat' dir='ltr'>cirrum</span> <span class='ocrx_word' id='word_1_34' title='bbox 313 472 383 518; x_wconf 83' lang='lat' dir='ltr'>luisse</span> <span class='ocrx_word' id='word_1_35' title='bbox 400 478 460 519; x_wconf 92' lang='lat' dir='ltr'>teste</span> <span class='ocrx_word' id='word_1_36' title='bbox 476 473 552 530; x_wconf 89' lang='lat' dir='ltr'>libro,</span> <span class='ocrx_word' id='word_1_37' title='bbox 578 475 614 521; x_wconf 92' lang='lat' dir='ltr'>cui</span> <span class='ocrx_word' id='word_1_38' title='bbox 629 475 704 520; x_wconf 88' lang='lat' dir='ltr'>titulus</span> <span class='ocrx_word' id='word_1_39' title='bbox 715 474 898 534; x_wconf 79' lang='lat' dir='ltr'>Antiperronius</span> 
     </span>
     <span class='ocr_line' id='line_1_6' title="bbox 35 553 899 613; baseline 0.006 -18"><span class='ocrx_word' id='word_1_40' title='bbox 35 579 67 590; x_wconf 48' lang='grc'>,-</span> <span class='ocrx_word' id='word_1_41' title='bbox 84 558 239 611; x_wconf 78' lang='lat' dir='ltr'>argumentum</span> <span class='ocrx_word' id='word_1_42' title='bbox 256 553 435 611; x_wconf 78' lang='lat' dir='ltr'>praelectionum</span> <span class='ocrx_word' id='word_1_43' title='bbox 450 567 526 599; x_wconf 90' lang='lat' dir='ltr'>earum</span> <span class='ocrx_word' id='word_1_44' title='bbox 543 560 710 613; x_wconf 75' lang='lat' dir='ltr'>corruperuut3</span> <span class='ocrx_word' id='word_1_45' title='bbox 732 569 760 601; x_wconf 89' lang='lat' dir='ltr'>ac</span> <span class='ocrx_word' id='word_1_46' title='bbox 775 556 799 600; x_wconf 94' lang='lat' dir='ltr'>ni</span> <span class='ocrx_word' id='word_1_47' title='bbox 816 568 899 600; x_wconf 87' lang='lat' dir='ltr'>corru-</span> 
     </span>
     <span class='ocr_line' id='line_1_7' title="bbox 36 633 898 695; baseline 0.002 -18"><span class='ocrx_word' id='word_1_48' title='bbox 36 635 131 692; x_wconf 84' lang='lat' dir='ltr'>pissent,</span> <span class='ocrx_word' id='word_1_49' title='bbox 148 633 256 691; x_wconf 87' lang='lat' dir='ltr'>nihilque</span> <span class='ocrx_word' id='word_1_50' title='bbox 272 637 369 692; x_wconf 80' lang='lat' dir='ltr'>gratiam</span> <span class='ocrx_word' id='word_1_51' title='bbox 385 640 498 682; x_wconf 86' lang='lat' dir='ltr'>mererent</span> <span class='ocrx_word' id='word_1_52' title='bbox 516 635 601 692; x_wconf 87' lang='lat' dir='ltr'>aderat,</span> <span class='ocrx_word' id='word_1_53' title='bbox 617 650 691 695; x_wconf 85' lang='lat' dir='ltr'>neque</span> <span class='ocrx_word' id='word_1_54' title='bbox 706 650 763 683; x_wconf 84' lang='lat' dir='ltr'>uero</span> <span class='ocrx_word' id='word_1_55' title='bbox 777 636 898 681; x_wconf 88' lang='lat' dir='ltr'>Perronius</span> 
     </span>
     <span class='ocr_line' id='line_1_8' title="bbox 35 702 899 776; baseline 0 -16"><span class='ocrx_word' id='word_1_56' title='bbox 35 714 85 771; x_wconf 89' lang='lat' dir='ltr'>ipse</span> <span class='ocrx_word' id='word_1_57' title='bbox 102 711 126 757; x_wconf 92' lang='lat' dir='ltr'>in</span> <span class='ocrx_word' id='word_1_58' title='bbox 141 725 169 758; x_wconf 90' lang='lat' dir='ltr'>eu</span> <span class='ocrx_word' id='word_1_59' title='bbox 188 725 257 771; x_wconf 90' lang='lat' dir='ltr'>opere</span> <span class='ocrx_word' id='word_1_60' title='bbox 273 713 381 760; x_wconf 83' lang='lat' dir='ltr'>laudabili</span> <span class='ocrx_word' id='word_1_61' title='bbox 397 716 441 760; x_wconf 90' lang='lat' dir='ltr'>sibi</span> <span class='ocrx_word' id='word_1_62' title='bbox 459 715 535 772; x_wconf 84' lang='lat' dir='ltr'>deluit,</span> <span class='ocrx_word' id='word_1_63' title='bbox 552 702 619 760; x_wconf 84' lang='lat' dir='ltr'>imino</span> <span class='ocrx_word' id='word_1_64' title='bbox 634 716 763 776; x_wconf 81' lang='lat' dir='ltr'>fragmenta</span> <span class='ocrx_word' id='word_1_65' title='bbox 780 718 825 762; x_wconf 89' lang='lat' dir='ltr'>iam</span> <span class='ocrx_word' id='word_1_66' title='bbox 844 730 899 762; x_wconf 84' lang='lat' dir='ltr'>cor-</span> 
     </span>
     <span class='ocr_line' id='line_1_9' title="bbox 36 791 898 854; baseline 0 -13"><span class='ocrx_word' id='word_1_67' title='bbox 36 800 107 852; x_wconf 84' lang='lat' dir='ltr'>rupto</span> <span class='ocrx_word' id='word_1_68' title='bbox 123 796 204 840; x_wconf 90' lang='lat' dir='ltr'>iterum</span> <span class='ocrx_word' id='word_1_69' title='bbox 217 795 341 853; x_wconf 85' lang='lat' dir='ltr'>iterumque</span> <span class='ocrx_word' id='word_1_70' title='bbox 358 795 473 854; x_wconf 77' lang='lat' dir='ltr'>corrupit!</span> <span class='ocrx_word' id='word_1_71' title='bbox 507 796 580 854; x_wconf 88' lang='lat' dir='ltr'>Atque</span> <span class='ocrx_word' id='word_1_72' title='bbox 595 796 637 843; x_wconf 90' lang='lat' dir='ltr'>iste</span> <span class='ocrx_word' id='word_1_73' title='bbox 651 797 687 843; x_wconf 83' lang='lat' dir='ltr'>liis</span> <span class='ocrx_word' id='word_1_74' title='bbox 704 791 847 854; x_wconf 70' lang='lat' dir='ltr'>testationis,</span> <span class='ocrx_word' id='word_1_75' title='bbox 863 797 898 842; x_wconf 91' lang='lat' dir='ltr'>his</span> 
     </span>
     <span class='ocr_line' id='line_1_10' title="bbox 37 875 899 937; baseline 0.003 -17"><span class='ocrx_word' id='word_1_76' title='bbox 37 875 101 921; x_wconf 84' lang='lat' dir='ltr'>falsis</span> <span class='ocrx_word' id='word_1_77' title='bbox 120 875 231 921; x_wconf 87' lang='lat' dir='ltr'>adversus</span> <span class='ocrx_word' id='word_1_78' title='bbox 250 877 372 935; x_wconf 79' lang='lat' dir='ltr'>magisbes</span> <span class='ocrx_word' id='word_1_79' title='bbox 389 878 504 922; x_wconf 92' lang='lat' dir='ltr'>seminarii</span> <span class='ocrx_word' id='word_1_80' title='bbox 521 881 544 922; x_wconf 93' lang='lat' dir='ltr'>et</span> <span class='ocrx_word' id='word_1_81' title='bbox 566 877 674 923; x_wconf 87' lang='lat' dir='ltr'>ricarium</span> <span class='ocrx_word' id='word_1_82' title='bbox 695 879 840 937; x_wconf 74' lang='lat' dir='ltr'>generalem,</span> <span class='ocrx_word' id='word_1_83' title='bbox 862 879 899 937; x_wconf 86' lang='lat' dir='ltr'>qui</span> 
     </span>
     <span class='ocr_line' id='line_1_11' title="bbox 39 956 899 1019; baseline 0.003 -18"><span class='ocrx_word' id='word_1_84' title='bbox 39 956 199 1003; x_wconf 79' lang='lat' dir='ltr'>orthodoxiam</span> <span class='ocrx_word' id='word_1_85' title='bbox 217 969 295 1001; x_wconf 88' lang='lat' dir='ltr'>corum</span> <span class='ocrx_word' id='word_1_86' title='bbox 313 956 484 1003; x_wconf 82' lang='lat' dir='ltr'>custodiendum</span> <span class='ocrx_word' id='word_1_87' title='bbox 501 957 575 1019; x_wconf 78' lang='lat' dir='ltr'>habet,</span> <span class='ocrx_word' id='word_1_88' title='bbox 594 958 779 1007; x_wconf 90' lang='lat' dir='ltr'>iniuriosissimas</span> <span class='ocrx_word' id='word_1_89' title='bbox 791 960 899 1004; x_wconf 82' lang='lat' dir='ltr'>crimina-</span> 
     </span>
     <span class='ocr_line' id='line_1_12' title="bbox 38 1034 899 1095; baseline -0.001 -13"><span class='ocrx_word' id='word_1_90' title='bbox 38 1039 113 1083; x_wconf 85' lang='lat' dir='ltr'>tiones</span> <span class='ocrx_word' id='word_1_91' title='bbox 139 1036 286 1095; x_wconf 84' lang='lat' dir='ltr'>superstruitl</span> <span class='ocrx_word' id='word_1_92' title='bbox 328 1035 452 1093; x_wconf 84' lang='lat' dir='ltr'>Ourrpem</span> <span class='ocrx_word' id='word_1_93' title='bbox 469 1040 594 1094; x_wconf 89' lang='lat' dir='ltr'>temporum</span> <span class='ocrx_word' id='word_1_94' title='bbox 611 1043 741 1084; x_wconf 90' lang='lat' dir='ltr'>nostrorum</span> <span class='ocrx_word' id='word_1_95' title='bbox 755 1034 844 1085; x_wconf 83' lang='lat' dir='ltr'>uotam!</span> <span class='ocrx_word' id='word_1_96' title='bbox 880 1036 899 1081; x_wconf 87' lang='lat'>0</span> 
     </span>
     <span class='ocr_line' id='line_1_13' title="bbox 40 1117 900 1179; baseline -0.001 -16"><span class='ocrx_word' id='word_1_97' title='bbox 40 1118 183 1163; x_wconf 87' lang='lat' dir='ltr'>verissimum</span> <span class='ocrx_word' id='word_1_98' title='bbox 199 1117 316 1165; x_wconf 73' lang='lat' dir='ltr'>Ciceronis</span> <span class='ocrx_word' id='word_1_99' title='bbox 333 1117 430 1170; x_wconf 87' lang='lat' dir='ltr'>dictum:</span> <span class='ocrx_word' id='word_1_100' title='bbox 448 1117 523 1179; x_wconf 84' lang='lat' dir='ltr'>„Nulla</span> <span class='ocrx_word' id='word_1_101' title='bbox 542 1119 656 1176; x_wconf 82' lang='lat' dir='ltr'>pernicies</span> <span class='ocrx_word' id='word_1_102' title='bbox 671 1119 732 1164; x_wconf 85' lang='lat' dir='ltr'>ritae</span> <span class='ocrx_word' id='word_1_103' title='bbox 743 1120 815 1165; x_wconf 86' lang='lat' dir='ltr'>maier</span> <span class='ocrx_word' id='word_1_104' title='bbox 832 1120 900 1165; x_wconf 85' lang='lat' dir='ltr'>inve-</span> 
     </span>
     <span class='ocr_line' id='line_1_14' title="bbox 40 1182 739 1258; baseline 0 -15"><span class='ocrx_word' id='word_1_105' title='bbox 40 1197 84 1243; x_wconf 89' lang='lat' dir='ltr'>niri</span> <span class='ocrx_word' id='word_1_106' title='bbox 100 1202 183 1256; x_wconf 89' lang='lat' dir='ltr'>potest,</span> <span class='ocrx_word' id='word_1_107' title='bbox 202 1210 267 1256; x_wconf 82' lang='lat' dir='ltr'>quem</span> <span class='ocrx_word' id='word_1_108' title='bbox 284 1198 307 1241; x_wconf 88' lang='lat' dir='ltr'>in</span> <span class='ocrx_word' id='word_1_109' title='bbox 326 1182 409 1241; x_wconf 88' lang='lat' dir='ltr'>malitia</span> <span class='ocrx_word' id='word_1_110' title='bbox 426 1198 537 1245; x_wconf 90' lang='lat' dir='ltr'>simulatio</span> <span class='ocrx_word' id='word_1_111' title='bbox 555 1199 739 1258; x_wconf 66' lang='lat' dir='ltr'>intelligenti‘aef‘</span> 
     </span>
    </p>

    <p class='ocr_par' dir='ltr' id='par_1_3' title="bbox 39 1262 942 3269">
     <span class='ocr_line' id='line_1_15' title="bbox 100 1262 900 1339; baseline 0.001 -16"><span class='ocrx_word' id='word_1_112' title='bbox 100 1278 161 1323; x_wconf 88' lang='lat' dir='ltr'>Ante</span> <span class='ocrx_word' id='word_1_113' title='bbox 178 1278 267 1339; x_wconf 81' lang='lat' dir='ltr'>aliquoi</span> <span class='ocrx_word' id='word_1_114' title='bbox 279 1290 351 1321; x_wconf 88' lang='lat' dir='ltr'>annos</span> <span class='ocrx_word' id='word_1_115' title='bbox 367 1262 427 1323; x_wconf 83' lang='lat' dir='ltr'>libro</span> <span class='ocrx_word' id='word_1_116' title='bbox 444 1278 472 1322; x_wconf 82' lang='lat' dir='ltr'>de</span> <span class='ocrx_word' id='word_1_117' title='bbox 488 1279 540 1323; x_wconf 91' lang='lat' dir='ltr'>luna</span> <span class='ocrx_word' id='word_1_118' title='bbox 559 1279 675 1338; x_wconf 77' lang='lat' dir='ltr'>evulgato,</span> <span class='ocrx_word' id='word_1_119' title='bbox 693 1280 728 1323; x_wconf 90' lang='lat' dir='ltr'>cui</span> <span class='ocrx_word' id='word_1_120' title='bbox 745 1291 829 1324; x_wconf 83' lang='lat' dir='ltr'>irunieu</span> <span class='ocrx_word' id='word_1_121' title='bbox 845 1278 900 1324; x_wconf 91' lang='lat' dir='ltr'>clari</span> 
     </span>
     <span class='ocr_line' id='line_1_16' title="bbox 39 1355 902 1415; baseline -0.005 -12"><span class='ocrx_word' id='word_1_122' title='bbox 39 1357 164 1404; x_wconf 91' lang='lat' dir='ltr'>astronomi</span> <span class='ocrx_word' id='word_1_123' title='bbox 180 1357 311 1415; x_wconf 90' lang='lat' dir='ltr'>inscriptum</span> <span class='ocrx_word' id='word_1_124' title='bbox 328 1359 393 1413; x_wconf 86' lang='lat' dir='ltr'>erut⁷</span> <span class='ocrx_word' id='word_1_125' title='bbox 409 1355 513 1404; x_wconf 87' lang='lat' dir='ltr'>homines</span> <span class='ocrx_word' id='word_1_126' title='bbox 533 1357 581 1402; x_wconf 88' lang='lat' dir='ltr'>sive</span> <span class='ocrx_word' id='word_1_127' title='bbox 598 1357 686 1415; x_wconf 90' lang='lat' dir='ltr'>decepti</span> <span class='ocrx_word' id='word_1_128' title='bbox 703 1360 754 1406; x_wconf 87' lang='lat' dir='ltr'>sunt</span> <span class='ocrx_word' id='word_1_129' title='bbox 770 1356 819 1401; x_wconf 91' lang='lat' dir='ltr'>sive</span> <span class='ocrx_word' id='word_1_130' title='bbox 836 1355 902 1399; x_wconf 90' lang='lat' dir='ltr'>dele-</span> 
     </span>
     <span class='ocr_line' id='line_1_17' title="bbox 41 1436 901 1494; baseline -0.002 -11"><span class='ocrx_word' id='word_1_131' title='bbox 41 1440 102 1484; x_wconf 90' lang='lat' dir='ltr'>ctati.</span> <span class='ocrx_word' id='word_1_132' title='bbox 135 1438 161 1483; x_wconf 91' lang='lat' dir='ltr'>ln</span> <span class='ocrx_word' id='word_1_133' title='bbox 180 1450 208 1482; x_wconf 93' lang='lat' dir='ltr'>eo</span> <span class='ocrx_word' id='word_1_134' title='bbox 226 1437 255 1481; x_wconf 92' lang='lat' dir='ltr'>de</span> <span class='ocrx_word' id='word_1_135' title='bbox 271 1437 385 1484; x_wconf 89' lang='lat' dir='ltr'>miraculis</span> <span class='ocrx_word' id='word_1_136' title='bbox 405 1438 484 1482; x_wconf 90' lang='lat' dir='ltr'>nescio</span> <span class='ocrx_word' id='word_1_137' title='bbox 504 1437 583 1494; x_wconf 85' lang='lat' dir='ltr'>quibus</span> <span class='ocrx_word' id='word_1_138' title='bbox 606 1441 628 1482; x_wconf 89' lang='lat' dir='ltr'>et</span> <span class='ocrx_word' id='word_1_139' title='bbox 644 1437 703 1482; x_wconf 92' lang='lat' dir='ltr'>bene</span> <span class='ocrx_word' id='word_1_140' title='bbox 720 1437 794 1482; x_wconf 92' lang='lat' dir='ltr'>multis</span> <span class='ocrx_word' id='word_1_141' title='bbox 809 1437 833 1480; x_wconf 91' lang='lat' dir='ltr'>in</span> <span class='ocrx_word' id='word_1_142' title='bbox 848 1436 901 1481; x_wconf 90' lang='lat' dir='ltr'>luna</span> 
     </span>
     <span class='ocr_line' id='line_1_18' title="bbox 44 1516 903 1577; baseline -0.005 -13"><span class='ocrx_word' id='word_1_143' title='bbox 44 1518 171 1565; x_wconf 79' lang='lat' dir='ltr'>obseruatis</span> <span class='ocrx_word' id='word_1_144' title='bbox 190 1517 281 1563; x_wconf 90' lang='lat' dir='ltr'>omnino</span> <span class='ocrx_word' id='word_1_145' title='bbox 299 1517 359 1562; x_wconf 89' lang='lat' dir='ltr'>serio</span> <span class='ocrx_word' id='word_1_146' title='bbox 377 1521 400 1562; x_wconf 91' lang='lat' dir='ltr'>et</span> <span class='ocrx_word' id='word_1_147' title='bbox 417 1518 537 1577; x_wconf 79' lang='lat' dir='ltr'>ingeniose</span> <span class='ocrx_word' id='word_1_148' title='bbox 551 1518 676 1577; x_wconf 77' lang='lat' dir='ltr'>expositum</span> <span class='ocrx_word' id='word_1_149' title='bbox 694 1522 739 1575; x_wconf 89' lang='lat' dir='ltr'>est,</span> <span class='ocrx_word' id='word_1_150' title='bbox 758 1517 785 1563; x_wconf 91' lang='lat' dir='ltr'>de</span> <span class='ocrx_word' id='word_1_151' title='bbox 801 1516 903 1563; x_wconf 51' lang='lat' dir='ltr'>homini„</span> 
     </span>
     <span class='ocr_line' id='line_1_19' title="bbox 43 1597 914 1661; baseline -0.002 -17"><span class='ocrx_word' id='word_1_152' title='bbox 43 1601 85 1649; x_wconf 86' lang='lat' dir='ltr'>bus</span> <span class='ocrx_word' id='word_1_153' title='bbox 103 1600 175 1655; x_wconf 85' lang='lat' dir='ltr'>alatis,</span> <span class='ocrx_word' id='word_1_154' title='bbox 195 1598 223 1642; x_wconf 91' lang='lat' dir='ltr'>de</span> <span class='ocrx_word' id='word_1_155' title='bbox 240 1597 319 1642; x_wconf 89' lang='lat' dir='ltr'>ovibus</span> <span class='ocrx_word' id='word_1_156' title='bbox 336 1598 465 1657; x_wconf 78' lang='lat' dir='ltr'>ingentibus</span> <span class='ocrx_word' id='word_1_157' title='bbox 483 1603 505 1643; x_wconf 90' lang='lat' dir='ltr'>et</span> <span class='ocrx_word' id='word_1_158' title='bbox 520 1598 607 1657; x_wconf 79' lang='lat' dir='ltr'>pilosis,</span> <span class='ocrx_word' id='word_1_159' title='bbox 624 1612 681 1661; x_wconf 83' lang='lat' dir='ltr'>quae</span> <span class='ocrx_word' id='word_1_160' title='bbox 700 1599 724 1642; x_wconf 90' lang='lat' dir='ltr'>in</span> <span class='ocrx_word' id='word_1_161' title='bbox 737 1598 809 1642; x_wconf 89' lang='lat' dir='ltr'>hortis</span> <span class='ocrx_word' id='word_1_162' title='bbox 828 1597 914 1642; x_wconf 82' lang='lat' dir='ltr'>aruis--</span> 
     </span>
     <span class='ocr_line' id='line_1_20' title="bbox 43 1677 904 1740; baseline -0.006 -13"><span class='ocrx_word' id='word_1_163' title='bbox 43 1694 87 1740; x_wconf 86' lang='lat' dir='ltr'>quc</span> <span class='ocrx_word' id='word_1_164' title='bbox 103 1681 170 1728; x_wconf 85' lang='lat' dir='ltr'>tunae</span> <span class='ocrx_word' id='word_1_165' title='bbox 186 1678 281 1738; x_wconf 85' lang='lat' dir='ltr'>perinde</span> <span class='ocrx_word' id='word_1_166' title='bbox 303 1692 330 1724; x_wconf 89' lang='lat' dir='ltr'>ac</span> <span class='ocrx_word' id='word_1_167' title='bbox 347 1684 467 1725; x_wconf 89' lang='lat' dir='ltr'>terrestres</span> <span class='ocrx_word' id='word_1_168' title='bbox 485 1685 605 1724; x_wconf 84' lang='lat' dir='ltr'>creaturae</span> <span class='ocrx_word' id='word_1_169' title='bbox 623 1677 809 1727; x_wconf 80' lang='lat' dir='ltr'>ambulationibus</span> <span class='ocrx_word' id='word_1_170' title='bbox 826 1683 849 1723; x_wconf 87' lang='lat' dir='ltr'>et</span> <span class='ocrx_word' id='word_1_171' title='bbox 864 1679 904 1723; x_wconf 90' lang='lat' dir='ltr'>iti-</span> 
     </span>
     <span class='ocr_line' id='line_1_21' title="bbox 41 1760 902 1821; baseline -0.006 -13"><span class='ocrx_word' id='word_1_172' title='bbox 41 1762 135 1810; x_wconf 83' lang='lat' dir='ltr'>neribus</span> <span class='ocrx_word' id='word_1_173' title='bbox 152 1774 244 1820; x_wconf 88' lang='lat' dir='ltr'>operam</span> <span class='ocrx_word' id='word_1_174' title='bbox 262 1760 348 1806; x_wconf 89' lang='lat' dir='ltr'>darent.</span> <span class='ocrx_word' id='word_1_175' title='bbox 381 1761 518 1807; x_wconf 83' lang='lat' dir='ltr'>ilementum</span> <span class='ocrx_word' id='word_1_176' title='bbox 533 1761 640 1821; x_wconf 88' lang='lat' dir='ltr'>temporis</span> <span class='ocrx_word' id='word_1_177' title='bbox 651 1761 709 1807; x_wconf 91' lang='lat' dir='ltr'>baec</span> <span class='ocrx_word' id='word_1_178' title='bbox 720 1760 835 1805; x_wconf 88' lang='lat' dir='ltr'>enarratio</span> <span class='ocrx_word' id='word_1_179' title='bbox 848 1771 902 1803; x_wconf 84' lang='lat' dir='ltr'>vcra</span> 
     </span>
     <span class='ocr_line' id='line_1_22' title="bbox 40 1839 905 1900; baseline -0.005 -14"><span class='ocrx_word' id='word_1_180' title='bbox 40 1842 118 1891; x_wconf 84' lang='lat' dir='ltr'>habito</span> <span class='ocrx_word' id='word_1_181' title='bbox 128 1847 169 1898; x_wconf 86' lang='lat' dir='ltr'>est,</span> <span class='ocrx_word' id='word_1_182' title='bbox 187 1842 240 1886; x_wconf 92' lang='lat' dir='ltr'>dein</span> <span class='ocrx_word' id='word_1_183' title='bbox 249 1843 307 1887; x_wconf 90' lang='lat' dir='ltr'>risus</span> <span class='ocrx_word' id='word_1_184' title='bbox 321 1847 412 1887; x_wconf 91' lang='lat' dir='ltr'>secutus</span> <span class='ocrx_word' id='word_1_185' title='bbox 429 1846 472 1900; x_wconf 88' lang='lat' dir='ltr'>est,</span> <span class='ocrx_word' id='word_1_186' title='bbox 489 1841 675 1900; x_wconf 86' lang='lat' dir='ltr'>quemadmodum</span> <span class='ocrx_word' id='word_1_187' title='bbox 692 1840 720 1885; x_wconf 93' lang='lat' dir='ltr'>de</span> <span class='ocrx_word' id='word_1_188' title='bbox 732 1853 790 1884; x_wconf 84' lang='lat' dir='ltr'>cero</span> <span class='ocrx_word' id='word_1_189' title='bbox 806 1839 905 1884; x_wconf 69' lang='lat' dir='ltr'>historic</span> 
     </span>
     <span class='ocr_line' id='line_1_23' title="bbox 42 1919 903 1981; baseline -0.005 -14"><span class='ocrx_word' id='word_1_190' title='bbox 42 1921 140 1970; x_wconf 80' lang='lat' dir='ltr'>Lucioni</span> <span class='ocrx_word' id='word_1_191' title='bbox 155 1922 263 1979; x_wconf 85' lang='lat' dir='ltr'>ridemus,</span> <span class='ocrx_word' id='word_1_192' title='bbox 281 1928 302 1967; x_wconf 91' lang='lat' dir='ltr'>et</span> <span class='ocrx_word' id='word_1_193' title='bbox 324 1928 348 1967; x_wconf 90' lang='lat' dir='ltr'>ut</span> <span class='ocrx_word' id='word_1_194' title='bbox 360 1927 422 1967; x_wconf 89' lang='lat' dir='ltr'>certo</span> <span class='ocrx_word' id='word_1_195' title='bbox 438 1927 539 1981; x_wconf 89' lang='lat' dir='ltr'>tempore</span> <span class='ocrx_word' id='word_1_196' title='bbox 557 1923 585 1968; x_wconf 92' lang='lat' dir='ltr'>de</span> <span class='ocrx_word' id='word_1_197' title='bbox 602 1921 704 1967; x_wconf 77' lang='lat' dir='ltr'>Girresii</span> <span class='ocrx_word' id='word_1_198' title='bbox 718 1919 787 1965; x_wconf 83' lang='lat' dir='ltr'>Putre</span> <span class='ocrx_word' id='word_1_199' title='bbox 805 1919 903 1966; x_wconf 82' lang='lat' dir='ltr'>Aruobiti</span> 
     </span>
     <span class='ocr_line' id='line_1_24' title="bbox 43 2000 903 2058; baseline -0.001 -12"><span class='ocrx_word' id='word_1_200' title='bbox 43 2002 147 2047; x_wconf 89' lang='lat' dir='ltr'>homines</span> <span class='ocrx_word' id='word_1_201' title='bbox 165 2003 268 2049; x_wconf 83' lang='lat' dir='ltr'>riserunt.</span> <span class='ocrx_word' id='word_1_202' title='bbox 308 2002 370 2058; x_wconf 83' lang='lat' dir='ltr'>Quae</span> <span class='ocrx_word' id='word_1_203' title='bbox 394 2002 515 2050; x_wconf 89' lang='lat' dir='ltr'>Perronius</span> <span class='ocrx_word' id='word_1_204' title='bbox 538 2003 566 2048; x_wconf 89' lang='lat' dir='ltr'>de</span> <span class='ocrx_word' id='word_1_205' title='bbox 585 2002 751 2047; x_wconf 84' lang='lat' dir='ltr'>arcliidioecesi</span> <span class='ocrx_word' id='word_1_206' title='bbox 772 2000 903 2046; x_wconf 86' lang='lat' dir='ltr'>Coloniensi</span> 
     </span>
     <span class='ocr_line' id='line_1_25' title="bbox 42 2079 904 2144; baseline -0.001 -16"><span class='ocrx_word' id='word_1_207' title='bbox 42 2088 128 2140; x_wconf 84' lang='lat' dir='ltr'>narrat,</span> <span class='ocrx_word' id='word_1_208' title='bbox 146 2095 192 2126; x_wconf 90' lang='lat' dir='ltr'>non</span> <span class='ocrx_word' id='word_1_209' title='bbox 204 2083 276 2141; x_wconf 78' lang='lat' dir='ltr'>magis</span> <span class='ocrx_word' id='word_1_210' title='bbox 289 2096 316 2128; x_wconf 91' lang='lat' dir='ltr'>ea</span> <span class='ocrx_word' id='word_1_211' title='bbox 329 2083 357 2127; x_wconf 89' lang='lat' dir='ltr'>ad</span> <span class='ocrx_word' id='word_1_212' title='bbox 366 2084 483 2129; x_wconf 85' lang='lat' dir='ltr'>ueritatem</span> <span class='ocrx_word' id='word_1_213' title='bbox 493 2084 604 2130; x_wconf 88' lang='lat' dir='ltr'>accedunt</span> <span class='ocrx_word' id='word_1_214' title='bbox 612 2079 677 2144; x_wconf 79' lang='lat' dir='ltr'>quam</span> <span class='ocrx_word' id='word_1_215' title='bbox 687 2096 744 2142; x_wconf 80' lang='lat' dir='ltr'>iprae</span> <span class='ocrx_word' id='word_1_216' title='bbox 755 2086 904 2129; x_wconf 88' lang='lat' dir='ltr'>narraverunt</span> 
     </span>
     <span class='ocr_line' id='line_1_26' title="bbox 44 2163 905 2221; baseline -0.001 -13"><span class='ocrx_word' id='word_1_217' title='bbox 44 2163 161 2208; x_wconf 82' lang='lat' dir='ltr'>Lucienus</span> <span class='ocrx_word' id='word_1_218' title='bbox 172 2169 194 2208; x_wconf 91' lang='lat' dir='ltr'>et</span> <span class='ocrx_word' id='word_1_219' title='bbox 211 2163 333 2209; x_wconf 80' lang='lat' dir='ltr'>Girresius</span> <span class='ocrx_word' id='word_1_220' title='bbox 350 2170 372 2210; x_wconf 91' lang='lat' dir='ltr'>et</span> <span class='ocrx_word' id='word_1_221' title='bbox 387 2164 650 2221; x_wconf 76' lang='lat' dir='ltr'>Pseudo-Her·scltelius;</span> <span class='ocrx_word' id='word_1_222' title='bbox 667 2164 708 2213; x_wconf 87' lang='lat' dir='ltr'>sed</span> <span class='ocrx_word' id='word_1_223' title='bbox 718 2164 796 2209; x_wconf 91' lang='lat' dir='ltr'>ridere</span> <span class='ocrx_word' id='word_1_224' title='bbox 809 2163 837 2207; x_wconf 91' lang='lat' dir='ltr'>de</span> <span class='ocrx_word' id='word_1_225' title='bbox 848 2164 905 2208; x_wconf 78' lang='lat' dir='ltr'>Per-</span> 
     </span>
     <span class='ocr_line' id='line_1_27' title="bbox 45 2243 905 2306; baseline -0.001 -18"><span class='ocrx_word' id='word_1_226' title='bbox 45 2244 148 2288; x_wconf 88' lang='lat' dir='ltr'>romanis</span> <span class='ocrx_word' id='word_1_227' title='bbox 165 2256 232 2290; x_wconf 90' lang='lat' dir='ltr'>nemo</span> <span class='ocrx_word' id='word_1_228' title='bbox 249 2249 335 2303; x_wconf 86' lang='lat' dir='ltr'>potest:</span> <span class='ocrx_word' id='word_1_229' title='bbox 352 2247 489 2306; x_wconf 87' lang='lat' dir='ltr'>quippenou</span> <span class='ocrx_word' id='word_1_230' title='bbox 500 2247 571 2294; x_wconf 89' lang='lat' dir='ltr'>solum</span> <span class='ocrx_word' id='word_1_231' title='bbox 588 2247 683 2292; x_wconf 87' lang='lat' dir='ltr'>veritate</span> <span class='ocrx_word' id='word_1_232' title='bbox 694 2246 735 2292; x_wconf 90' lang='lat' dir='ltr'>sed</span> <span class='ocrx_word' id='word_1_233' title='bbox 751 2246 817 2292; x_wconf 89' lang='lat' dir='ltr'>etiam</span> <span class='ocrx_word' id='word_1_234' title='bbox 826 2243 905 2301; x_wconf 89' lang='lat' dir='ltr'>lepore</span> 
     </span>
     <span class='ocr_line' id='line_1_28' title="bbox 49 2324 904 2385; baseline 0 -18"><span class='ocrx_word' id='word_1_235' title='bbox 49 2329 72 2368; x_wconf 88' lang='lat' dir='ltr'>et</span> <span class='ocrx_word' id='word_1_236' title='bbox 83 2324 171 2369; x_wconf 86' lang='lat' dir='ltr'>facetiis</span> <span class='ocrx_word' id='word_1_237' title='bbox 188 2325 293 2371; x_wconf 86' lang='lat' dir='ltr'>destituta</span> <span class='ocrx_word' id='word_1_238' title='bbox 301 2331 359 2374; x_wconf 84' lang='lat' dir='ltr'>sunt.</span> <span class='ocrx_word' id='word_1_239' title='bbox 381 2328 429 2376; x_wconf 88' lang='lat' dir='ltr'>Nisi</span> <span class='ocrx_word' id='word_1_240' title='bbox 446 2328 504 2373; x_wconf 83' lang='lat' dir='ltr'>forte</span> <span class='ocrx_word' id='word_1_241' title='bbox 521 2329 544 2373; x_wconf 89' lang='lat' dir='ltr'>in</span> <span class='ocrx_word' id='word_1_242' title='bbox 560 2340 589 2371; x_wconf 89' lang='lat' dir='ltr'>eo</span> <span class='ocrx_word' id='word_1_243' title='bbox 606 2327 669 2385; x_wconf 89' lang='lat' dir='ltr'>lepus</span> <span class='ocrx_word' id='word_1_244' title='bbox 684 2331 707 2371; x_wconf 92' lang='lat' dir='ltr'>et</span> <span class='ocrx_word' id='word_1_245' title='bbox 718 2326 814 2370; x_wconf 82' lang='lat' dir='ltr'>iacetiae</span> <span class='ocrx_word' id='word_1_246' title='bbox 832 2336 904 2382; x_wconf 87' lang='lat' dir='ltr'>quae-</span> 
     </span>
     <span class='ocr_line' id='line_1_29' title="bbox 47 2402 905 2467; baseline -0.005 -18"><span class='ocrx_word' id='word_1_247' title='bbox 47 2404 135 2449; x_wconf 89' lang='lat' dir='ltr'>rendae</span> <span class='ocrx_word' id='word_1_248' title='bbox 152 2412 215 2461; x_wconf 83' lang='lat' dir='ltr'>sunt,</span> <span class='ocrx_word' id='word_1_249' title='bbox 237 2407 297 2465; x_wconf 81' lang='lat' dir='ltr'>quod</span> <span class='ocrx_word' id='word_1_250' title='bbox 315 2405 405 2454; x_wconf 76' lang='lat' dir='ltr'>occulis</span> <span class='ocrx_word' id='word_1_251' title='bbox 420 2408 531 2467; x_wconf 76' lang='lat' dir='ltr'>quociens</span> <span class='ocrx_word' id='word_1_252' title='bbox 548 2408 660 2454; x_wconf 77' lang='lat' dir='ltr'>homirnum</span> <span class='ocrx_word' id='word_1_253' title='bbox 674 2405 800 2450; x_wconf 72' lang='lat' dir='ltr'>certioretis</span> <span class='ocrx_word' id='word_1_254' title='bbox 818 2402 905 2459; x_wconf 80' lang='lat' dir='ltr'>episto-</span> 
     </span>
     <span class='ocr_line' id='line_1_30' title="bbox 48 2482 905 2547; baseline -0.002 -17"><span class='ocrx_word' id='word_1_255' title='bbox 48 2484 78 2530; x_wconf 81' lang='lat' dir='ltr'>lis</span> <span class='ocrx_word' id='word_1_256' title='bbox 91 2485 236 2547; x_wconf 70' lang='lat' dir='ltr'>fabricandis</span> <span class='ocrx_word' id='word_1_257' title='bbox 254 2500 305 2534; x_wconf 89' lang='lat' dir='ltr'>sese</span> <span class='ocrx_word' id='word_1_258' title='bbox 321 2501 438 2543; x_wconf 63' lang='lat' dir='ltr'>exercens,</span> <span class='ocrx_word' id='word_1_259' title='bbox 456 2489 517 2533; x_wconf 91' lang='lat' dir='ltr'>cuius</span> <span class='ocrx_word' id='word_1_260' title='bbox 535 2488 624 2545; x_wconf 83' lang='lat' dir='ltr'>quidem</span> <span class='ocrx_word' id='word_1_261' title='bbox 641 2485 698 2530; x_wconf 90' lang='lat' dir='ltr'>socii</span> <span class='ocrx_word' id='word_1_262' title='bbox 714 2482 805 2528; x_wconf 91' lang='lat' dir='ltr'>nimium</span> <span class='ocrx_word' id='word_1_263' title='bbox 820 2482 867 2528; x_wconf 89' lang='lat' dir='ltr'>noti</span> <span class='ocrx_word' id='word_1_264' title='bbox 876 2494 905 2528; x_wconf 84' lang='lat' dir='ltr'>ex</span> 
     </span>
     <span class='ocr_line' id='line_1_31' title="bbox 45 2556 905 2625; baseline -0.009 -13"><span class='ocrx_word' id='word_1_265' title='bbox 45 2566 198 2625; x_wconf 85' lang='lat' dir='ltr'>descriptione</span> <span class='ocrx_word' id='word_1_266' title='bbox 214 2565 370 2625; x_wconf 69' lang='lat' dir='ltr'>liugai-thiana</span> <span class='ocrx_word' id='word_1_267' title='bbox 389 2556 510 2610; x_wconf 85' lang='lat' dir='ltr'>emersisse</span> <span class='ocrx_word' id='word_1_268' title='bbox 528 2564 638 2621; x_wconf 87' lang='lat' dir='ltr'>uidentur,</span> <span class='ocrx_word' id='word_1_269' title='bbox 656 2564 737 2622; x_wconf 69' lang='lat' dir='ltr'>(piique</span> <span class='ocrx_word' id='word_1_270' title='bbox 754 2562 777 2606; x_wconf 90' lang='lat' dir='ltr'>in</span> <span class='ocrx_word' id='word_1_271' title='bbox 795 2560 905 2606; x_wconf 82' lang='lat' dir='ltr'>liacurbc</span> 
     </span>
     <span class='ocr_line' id='line_1_32' title="bbox 46 2639 907 2705; baseline -0.013 -10"><span class='ocrx_word' id='word_1_272' title='bbox 46 2652 164 2697; x_wconf 83' lang='lat' dir='ltr'>contemtu</span> <span class='ocrx_word' id='word_1_273' title='bbox 180 2651 202 2691; x_wconf 89' lang='lat' dir='ltr'>et</span> <span class='ocrx_word' id='word_1_274' title='bbox 213 2647 302 2692; x_wconf 87' lang='lat' dir='ltr'>silentio</span> <span class='ocrx_word' id='word_1_275' title='bbox 319 2650 498 2705; x_wconf 82' lang='lat' dir='ltr'>praetereuntur,</span> <span class='ocrx_word' id='word_1_276' title='bbox 515 2644 583 2688; x_wconf 89' lang='lat' dir='ltr'>rebus</span> <span class='ocrx_word' id='word_1_277' title='bbox 601 2658 613 2688; x_wconf 87' lang='lat' dir='ltr'>a</span> <span class='ocrx_word' id='word_1_278' title='bbox 630 2656 655 2687; x_wconf 88' lang='lat' dir='ltr'>se</span> <span class='ocrx_word' id='word_1_279' title='bbox 671 2642 777 2687; x_wconf 91' lang='lat' dir='ltr'>nuntiatis</span> <span class='ocrx_word' id='word_1_280' title='bbox 791 2639 907 2696; x_wconf 85' lang='lat' dir='ltr'>publicum</span> 
     </span>
     <span class='ocr_line' id='line_1_33' title="bbox 44 2720 906 2786; baseline -0.006 -15"><span class='ocrx_word' id='word_1_281' title='bbox 44 2729 201 2786; x_wconf 74' lang='lat' dir='ltr'>professorem</span> <span class='ocrx_word' id='word_1_282' title='bbox 220 2727 307 2784; x_wconf 76' lang='lat' dir='ltr'>collepii</span> <span class='ocrx_word' id='word_1_283' title='bbox 324 2725 435 2782; x_wconf 76' lang='lat' dir='ltr'>Romani,</span> <span class='ocrx_word' id='word_1_284' title='bbox 451 2724 558 2768; x_wconf 74' lang='lat' dir='ltr'>descitum</span> <span class='ocrx_word' id='word_1_285' title='bbox 574 2723 722 2777; x_wconf 82' lang='lat' dir='ltr'>ludificantur,</span> <span class='ocrx_word' id='word_1_286' title='bbox 740 2720 843 2778; x_wconf 86' lang='lat' dir='ltr'>quodque</span> <span class='ocrx_word' id='word_1_287' title='bbox 860 2720 906 2777; x_wconf 79' lang='lat' dir='ltr'>typi</span> 
     </span>
     <span class='ocr_line' id='line_1_34' title="bbox 47 2802 906 2866; baseline -0.006 -13"><span class='ocrx_word' id='word_1_288' title='bbox 47 2802 144 2857; x_wconf 79' lang='lat' dir='ltr'>Romam</span> <span class='ocrx_word' id='word_1_289' title='bbox 163 2807 190 2851; x_wconf 90' lang='lat' dir='ltr'>ab</span> <span class='ocrx_word' id='word_1_290' title='bbox 214 2807 259 2851; x_wconf 86' lang='lat' dir='ltr'>lroc</span> <span class='ocrx_word' id='word_1_291' title='bbox 283 2808 449 2866; x_wconf 87' lang='lat' dir='ltr'>perducuntur,</span> <span class='ocrx_word' id='word_1_292' title='bbox 470 2809 494 2850; x_wconf 92' lang='lat' dir='ltr'>ut</span> <span class='ocrx_word' id='word_1_293' title='bbox 517 2806 708 2850; x_wconf 84' lang='lat' dir='ltr'>cloacamtnntae</span> <span class='ocrx_word' id='word_1_294' title='bbox 725 2802 799 2846; x_wconf 87' lang='lat' dir='ltr'>sordis</span> <span class='ocrx_word' id='word_1_295' title='bbox 816 2802 906 2848; x_wconf 82' lang='lat' dir='ltr'>sederi</span> 
     </span>
     <span class='ocr_line' id='line_1_35' title="bbox 45 2881 907 2951; baseline -0.01 -18"><span class='ocrx_word' id='word_1_296' title='bbox 45 2887 183 2951; x_wconf 87' lang='lat' dir='ltr'>permittantl</span> <span class='ocrx_word' id='word_1_297' title='bbox 216 2887 242 2931; x_wconf 90' lang='lat' dir='ltr'>In</span> <span class='ocrx_word' id='word_1_298' title='bbox 260 2899 301 2932; x_wconf 89' lang='lat' dir='ltr'>sua</span> <span class='ocrx_word' id='word_1_299' title='bbox 317 2886 345 2931; x_wconf 90' lang='lat' dir='ltr'>de</span> <span class='ocrx_word' id='word_1_300' title='bbox 361 2885 479 2932; x_wconf 82' lang='lat' dir='ltr'>corrrucbiis</span> <span class='ocrx_word' id='word_1_301' title='bbox 495 2885 570 2929; x_wconf 77' lang='lat' dir='ltr'>ruistis</span> <span class='ocrx_word' id='word_1_302' title='bbox 586 2883 774 2929; x_wconf 80' lang='lat' dir='ltr'>commentatione</span> <span class='ocrx_word' id='word_1_303' title='bbox 786 2881 907 2926; x_wconf 86' lang='lat' dir='ltr'>Pcrronius</span> 
     </span>
     <span class='ocr_line' id='line_1_36' title="bbox 48 2960 908 3024; baseline -0.012 -10"><span class='ocrx_word' id='word_1_304' title='bbox 48 2969 194 3015; x_wconf 89' lang='lat' dir='ltr'>occasionem</span> <span class='ocrx_word' id='word_1_305' title='bbox 212 2968 304 3024; x_wconf 90' lang='lat' dir='ltr'>arripuit</span> <span class='ocrx_word' id='word_1_306' title='bbox 320 2967 386 3011; x_wconf 87' lang='lat' dir='ltr'>etiam</span> <span class='ocrx_word' id='word_1_307' title='bbox 396 2965 573 3012; x_wconf 86' lang='lat' dir='ltr'>arcliidioecesis</span> <span class='ocrx_word' id='word_1_308' title='bbox 588 2964 730 3010; x_wconf 86' lang='lat' dir='ltr'>Coloniensis</span> <span class='ocrx_word' id='word_1_309' title='bbox 738 2960 908 3016; x_wconf 83' lang='lat' dir='ltr'>memorandae,</span> 
     </span>
     <span class='ocr_line' id='line_1_37' title="bbox 47 3040 942 3108; baseline -0.011 -12"><span class='ocrx_word' id='word_1_310' title='bbox 47 3047 123 3104; x_wconf 81' lang='lat' dir='ltr'>ibique</span> <span class='ocrx_word' id='word_1_311' title='bbox 139 3049 162 3095; x_wconf 91' lang='lat' dir='ltr'>in</span> <span class='ocrx_word' id='word_1_312' title='bbox 179 3048 266 3095; x_wconf 87' lang='lat' dir='ltr'>litteras</span> <span class='ocrx_word' id='word_1_313' title='bbox 283 3061 336 3093; x_wconf 89' lang='lat' dir='ltr'>suas</span> <span class='ocrx_word' id='word_1_314' title='bbox 353 3047 504 3105; x_wconf 89' lang='lat' dir='ltr'>introspicere</span> <span class='ocrx_word' id='word_1_315' title='bbox 520 3046 586 3090; x_wconf 89' lang='lat' dir='ltr'>nobis</span> <span class='ocrx_word' id='word_1_316' title='bbox 602 3044 709 3108; x_wconf 84' lang='lat' dir='ltr'>permisit.</span> <span class='ocrx_word' id='word_1_317' title='bbox 742 3041 775 3087; x_wconf 88' lang='lat' dir='ltr'>lbi</span> <span class='ocrx_word' id='word_1_318' title='bbox 797 3040 908 3099; x_wconf 80' lang='lat' dir='ltr'>gloriatur</span> <span class='ocrx_word' id='word_1_319' title='bbox 940 3066 942 3069; x_wconf 83' lang='grc'><em>·</em></span> 
     </span>
     <span class='ocr_line' id='line_1_38' title="bbox 48 3110 908 3184; baseline -0.012 -10"><span class='ocrx_word' id='word_1_320' title='bbox 48 3137 101 3174; x_wconf 84' lang='lat' dir='ltr'>sese</span> <span class='ocrx_word' id='word_1_321' title='bbox 117 3126 223 3183; x_wconf 86' lang='lat' dir='ltr'>epistolas</span> <span class='ocrx_word' id='word_1_322' title='bbox 240 3140 253 3171; x_wconf 91' lang='lat' dir='ltr'>a</span> <span class='ocrx_word' id='word_1_323' title='bbox 270 3128 320 3172; x_wconf 87' lang='lat' dir='ltr'>viro</span> <span class='ocrx_word' id='word_1_324' title='bbox 346 3124 533 3173; x_wconf 89' lang='lat' dir='ltr'>aestumatissimo</span> <span class='ocrx_word' id='word_1_325' title='bbox 552 3110 634 3171; x_wconf 87' lang='lat' dir='ltr'>missas</span> <span class='ocrx_word' id='word_1_326' title='bbox 659 3124 789 3184; x_wconf 78' lang='lat' dir='ltr'>accepisse,</span> <span class='ocrx_word' id='word_1_327' title='bbox 809 3125 833 3165; x_wconf 90' lang='lat' dir='ltr'>ut</span> <span class='ocrx_word' id='word_1_328' title='bbox 848 3112 908 3170; x_wconf 80' lang='lat' dir='ltr'>idem</span> 
     </span>
     <span class='ocr_line' id='line_1_39' title="bbox 52 3201 908 3269; baseline -0.004 -15"><span class='ocrx_word' id='word_1_329' title='bbox 52 3205 170 3269; x_wconf 80' lang='lat' dir='ltr'>praedicnt</span> <span class='ocrx_word' id='word_1_330' title='bbox 193 3212 300 3269; x_wconf 75' lang='lat' dir='ltr'>excerpta</span> <span class='ocrx_word' id='word_1_331' title='bbox 315 3221 328 3254; x_wconf 86' lang='lat' dir='ltr'>a</span> <span class='ocrx_word' id='word_1_332' title='bbox 346 3207 492 3268; x_wconf 83' lang='lat' dir='ltr'>„Tireodisco</span> <span class='ocrx_word' id='word_1_333' title='bbox 509 3210 581 3253; x_wconf 56' lang='lat' dir='ltr'>nato«</span> <span class='ocrx_word' id='word_1_334' title='bbox 599 3205 711 3253; x_wconf 76' lang='lat' dir='ltr'>conlecta</span> <span class='ocrx_word' id='word_1_335' title='bbox 755 3201 854 3264; x_wconf 84' lang='lat' dir='ltr'>Epistola</span> <span class='ocrx_word' id='word_1_336' title='bbox 877 3203 908 3252; x_wconf 87' lang='lat' dir='ltr'>ibi</span> 
     </span>
    </p>
   </div>
   <div class='ocr_carea' id='block_1_3' title="bbox 0 0 1006 3399">
    <p class='ocr_par' dir='ltr' id='par_1_4' title="bbox 0 0 1006 3399">
     <span class='ocr_line' id='line_1_40' title="bbox 0 0 1006 3399; baseline 0 0"><span class='ocrx_word' id='word_1_337' title='bbox 0 0 1006 3399; x_wconf 95' lang='lat' dir='ltr'> </span> 
     </span>
    </p>
   </div>
  </div>
 </body>
</html>
