1979 3399
389 79 572 112 -xl1-

51 209 104 260 cesi
124 208 307 279 pervenerint,
327 225 388 259 cum
399 204 468 256 adeo
490 205 521 272 is,
542 203 589 274 qui
607 201 668 255 'rara
687 204 772 255 animi
792 204 902 257 leuitate

51 319 78 359 et
96 309 240 359 tolerantia
257 306 418 374 conspicuus
438 314 495 371 est,
513 303 556 354 liis
575 303 682 370 nefariis
701 305 771 356 ausis
790 305 902 357 tandem

51 406 211 458 obeundum
225 423 281 457 esse
300 403 340 455 sui
352 400 435 454 officii
455 402 569 455 duxerit.
597 401 681 455 Huius
699 404 779 476 igitur
798 405 838 456 rei
851 404 903 456 clo-

49 497 207 557 cumeiitum
227 503 304 574 quod
323 504 447 574 sequitur
471 504 526 555 huc
552 502 804 556 transscribendum
824 522 902 555 cura-

47 606 152 672 vimus,
181 613 241 654 tum
265 614 296 654 ut
315 603 467 675 intelligant
487 603 568 654 exteri
589 621 640 654 uos
659 603 729 655 nihil
747 602 805 655 siue
824 599 903 654 eausa

49 701 241 769 dixisse,=tum
260 713 291 754 ut
310 704 343 755 ab
363 704 415 762 hac
435 722 490 754 una
518 702 637 754 dioecesi
662 703 780 774 reliquas
800 721 903 774 cogno-

48 812 132 854 scant.

127 1032 224 1103 „Quae
244 1042 271 1083 et
290 1049 372 1102 quam
382 1030 455 1083 varia
465 1040 492 1081 et
511 1048 594 1101 quam
613 1047 711 1100 parum
730 1028 850 1082 iucunda
872 1046 904 1081 ex

50 1131 136 1182 nostri
158 1131 328 1202 episcopatus
344 1131 445 1182 linibus
466 1128 539 1200 apud
549 1139 654 1182 exteros
672 1129 701 1180 iu
721 1129 786 1180 actis
801 1127 905 1181 diurnis

49 1238 108 1280 tum
128 1230 246 1300 politicis
264 1240 323 1281 tum
344 1230 528 1282 ecclesiasticis
544 1248 594 1300 per
615 1229 719 1298 aliquot
743 1227 797 1279 iam
818 1245 905 1279 annos

49 1329 133 1379 relata
152 1329 220 1396 sint,
244 1315 416 1381 sacerdotum
435 1329 464 1380 in
483 1327 603 1381 dioecesi
621 1338 713 1380 nostra
731 1326 903 1380 reverendis-

49 1428 180 1478 simorum
199 1445 297 1497 corpus
313 1428 396 1478 latere
416 1428 530 1478 minime
540 1427 637 1496 potuit.
678 1426 844 1497 Quicunque
857 1444 903 1478 ec-

50 1526 146 1578 clesiae
164 1527 235 1578 bene
257 1527 341 1598 cupit,
361 1527 537 1578 vehementer
562 1525 654 1578 deleat
675 1535 798 1596 oportet,
819 1544 905 1597 quum

50 1627 123 1678 viros
142 1627 246 1695 probos
262 1644 343 1697 saepe
363 1627 420 1679 sine
439 1626 493 1679 ulla
513 1644 592 1677 cansa
609 1626 638 1677 iu
655 1625 839 1695 suspicionem
857 1624 906 1677 ad-

53 1724 131 1794 duci,
157 1745 199 1777 res
225 1727 253 1777 iu
279 1727 349 1777 facto
374 1725 476 1795 positas
502 1723 661 1793 detorqueri
679 1725 721 1777 rel
747 1725 777 1777 in
796 1744 907 1796 pravam

53 1829 160 1889 partem
181 1822 267 1891 accipi
287 1819 370 1889 ridet,
390 1822 441 1872 alia
460 1839 556 1892 parum
568 1835 630 1895 apta
640 1841 710 1893 quae
722 1826 831 1896 publice
841 1843 906 1896 per-

52 1927 203 1971 tractentur
227 1921 404 1973 inclementer
424 1915 555 1992 erulgari,
580 1942 621 1975 res
647 1924 745 1975 nullius
771 1924 905 1975 momenti
944 1965 946 1967 v

54 2016 212 2086 importune
231 2019 335 2088 premi,
363 2020 466 2091 singula
486 2021 619 2091 quaedam
640 2022 765 2074 adversus
784 2022 905 2092 discipli-

55 2133 119 2166 nam
132 2116 338 2168 ecclesiasticam
353 2121 506 2188 commissa,
526 2121 625 2191 quibus
639 2121 766 2188 ecclesiae
786 2140 904 2192 praepo-

56 2221 100 2270 siti
125 2221 180 2271 iam
208 2232 418 2290 prospexerant,
451 2232 554 2274 temere
578 2222 608 2273 in
631 2223 715 2273 totius
744 2220 904 2273 Germaniae

55 2317 182 2370 notitiam
203 2318 335 2387 protrahi.
374 2319 413 2370 lta
429 2319 461 2369 lit
470 2330 500 2370 ut
510 2321 611 2371 alterna
619 2318 729 2388 fiducia,
749 2321 906 2372 communia

56 2434 88 2469 ac
106 2403 222 2467 fraterna
241 2414 329 2467 studia
346 2426 563 2486 corrumpantur,
581 2415 732 2468 discordiae
749 2436 842 2469 semen
862 2417 905 2470 di-

55 2525 204 2587 spergatur,
223 2514 264 2567 ira
282 2525 309 2567 et
328 2514 401 2567 furor
420 2516 546 2568 factiosus
564 2516 692 2568 excitetur
706 2518 904 2588 mitriaturque.

54 2615 143 2685 Atque
163 2615 232 2666 haec
251 2613 378 2667 accidunt
403 2632 434 2665 ea
458 2624 634 2684 tempestate,
663 2634 717 2686 qua
735 2616 757 2667 si
782 2634 904 2688 unquam

55 2714 207 2766 necessario
233 2712 336 2783 requiri
362 2712 481 2780 ridetur,
507 2722 537 2763 ut
560 2711 713 2765 sacerdotes
744 2716 853 2767 caritate
879 2726 906 2767 et

57 2812 204 2864 concordia
224 2811 363 2864 coniuncti
383 2821 464 2882 agant
483 2812 613 2881 omnique
622 2812 719 2864 virium
728 2814 904 2866 contentione

60 2906 94 2958 ad
113 2910 253 2963 meliorem
274 2929 382 2963 causam
403 2908 581 2961 obtinendam
600 2910 774 2964 incumbant!

132 3008 220 3074 „llaec
236 3011 324 3063 studia
345 3009 499 3081 perniciosa
522 3008 623 3060 diutius
653 3021 682 3061 ut
705 3011 780 3063 taciti
804 3011 905 3063 tolere-

56 3122 125 3171 mus,
145 3107 292 3159 nonlicet:
310 3111 394 3161 immo
415 3126 466 3179 pro
487 3107 641 3177 magistratu
660 3111 740 3162 nobis
759 3109 903 3161 commisso

57 3221 160 3270 onureS,
180 3202 215 3255 ad
235 3223 303 3275 quos
323 3226 353 3259 ea
365 3227 407 3262 res
421 3207 548 3280 pertinet,
568 3226 720 3279 rnonemns,
739 3218 769 3261 ut
779 3209 905 3262 omittant
