1979 3399
362 74 468 125 -30

36 215 77 263 scd
93 214 112 260 si
129 217 202 261 tamen
219 215 241 260 in
258 227 299 260 cor
319 218 378 261 turim
394 215 497 274 posueris
513 228 558 260 non
575 225 643 273 pesse
660 212 687 257 ab
703 210 795 256 homine
812 214 889 256 custo-

37 298 87 355 diri,
103 311 148 342 non
165 297 280 343 custodies
301 309 336 342 ea.
368 298 431 343 Nnnc
450 302 523 342 aulem
542 297 593 341 dico
609 295 658 353 tibi,
677 295 696 340 si
713 307 758 339 non
775 292 892 337 custodie-

36 382 66 425 ris
84 380 141 425 bace
156 379 260 425 mamlnta
277 383 299 423 et
316 380 434 434 omiseris,
455 391 501 422 non
519 378 563 425 eris
585 378 674 434 saluus,
698 388 772 435 neque
798 374 836 419 lilii
852 375 892 429 lui,

36 474 110 519 neque
128 461 207 505 domus
224 465 271 505 tna:
289 461 339 522 qnia
357 462 405 520 ipsa
420 459 573 516 indicaveris,
595 460 656 519 quod
670 472 715 503 non
731 459 820 517 possint
834 456 892 501 haee

36 541 140 587 mandata
157 541 184 585 ab
210 538 300 586 homine
327 537 457 586 custodiri.¹
474 539 535 584 Haeo
552 540 606 585 milri
621 539 768 584 veliementer
783 537 892 583 iracunde

37 623 124 667 locntns
141 624 184 679 est,
202 622 232 666 ita
250 627 273 667 nt
290 627 431 668 conterreret
446 634 482 666 me
493 620 571 665 valde:
588 622 670 667 inltnm
687 622 744 665 enim
761 634 824 665 sunm
840 631 892 664 mus

37 708 137 761 taverat,
162 703 193 749 ita
218 708 242 749 nt
262 708 405 762 nonposset
429 702 497 748 homo
515 703 625 747 sustinere
641 705 697 748 iram
712 704 768 748 eins.
800 701 828 746 Et
842 716 893 747 cum

37 787 131 831 vidisset
149 799 184 830 me
201 785 355 831 conturbatum
371 790 440 830 totnm
458 790 481 829 et
504 784 636 831 contusum:
655 783 800 843 coepitloqni
811 783 894 829 mode-

36 868 106 912 ratius
124 871 146 911 et
164 866 255 912 hilarius
272 867 363 913 dicens:
381 866 451 914 Sinite
464 865 489 911 ¹et
502 866 624 922 insensate,
639 866 769 910 inconstans
786 870 808 909 et
825 866 893 925 igno-

36 959 90 991 rans
111 945 249 990 maiestatem
265 941 321 1004 Dei,
347 960 412 1006 piram
429 959 524 1005 maguus
548 940 657 1004 linumque
680 946 787 992 mirabilis
812 947 841 991 sit
856 948 893 1005 qni

38 1028 117 1072 orbem
135 1028 221 1072 creauit
236 1032 327 1086 propter
346 1028 477 1085 bominem,
501 1032 522 1072 et
546 1040 634 1072 omnem
657 1032 782 1072 creaturam
798 1028 894 1072 subiecit

37 1109 129 1172 lromini,
147 1111 169 1153 et
184 1121 273 1153 omnem
288 1112 421 1167 potestatem
438 1107 500 1154 dedit
515 1108 553 1165 illi,
569 1113 593 1154 nt
603 1107 728 1153 dominetur
738 1102 818 1153 lrornm
829 1122 895 1153 man-

37 1189 160 1234 datornmss.

98 1281 160 1327 llaec
177 1283 250 1327 sancti
266 1281 362 1326 Hermae
375 1280 494 1338 doctrina,
510 1293 577 1338 ,quem
594 1281 713 1341 antiquitas
729 1281 854 1328 Christiana
871 1286 894 1329 in

38 1362 169 1421 apostolicis
186 1363 285 1422 patribus
299 1365 416 1420 numerat,
434 1363 497 1406 cuins
513 1362 572 1407 liber
586 1362 675 1420 publice
693 1364 717 1407 in
734 1363 838 1409 ecclesiis
854 1378 895 1410 re-

39 1445 126 1501 citatus,
142 1450 165 1490 et
181 1445 204 1489 in
221 1443 350 1489 erudiendis
375 1443 541 1488 catechumenis
566 1443 624 1488 adeo
645 1443 762 1502 produce
784 1445 895 1489 adhibitos

38 1529 85 1582 est,
108 1521 165 1570 liaeo
196 1525 298 1570 doctrina
315 1525 338 1569 in
355 1524 454 1571 thesibus
472 1524 645 1570 Coloniensibns
662 1525 810 1583 reprobatur,
828 1531 894 1584 atque

38 1620 52 1651 a
70 1606 159 1651 clericis
176 1605 289 1651 dioecesis
305 1604 447 1651 Coloniensis
463 1605 597 1665 postulalnm
614 1610 662 1664 est,
679 1611 704 1651 nt
721 1619 770 1650 eam
788 1611 903 1665 tanquam·

39 1684 188 1730 acatholicum
204 1685 339 1730 abiurarent.

100 1778 122 1825 S.
142 1777 243 1822 Iristinns
257 1777 425 1836 philosophus,
451 1778 488 1837 qni
505 1776 589 1821 Romae
607 1777 737 1834 martyrium
754 1791 834 1835 passus
848 1783 894 1835 cst,

38 1858 61 1901 in
79 1857 179 1915 patribus
197 1856 310 1901 ecclesiae
327 1857 417 1901 unanimi
433 1855 530 1900 nominis
547 1854 589 1911 uir,
607 1860 696 1904 scribit:
723 1859 812 1917 ,Neque
828 1859 895 1905 etiam

38 1935 190 1981 materialibus
206 1935 320 1979 hominnm
339 1935 404 1979 donis
416 1936 487 1980 Deum
504 1935 607 1995 indigere
623 1940 758 1997 accepimus.
791 1939 836 1985 Sed
853 1952 896 1985 eos

39 2019 100 2064 solos
125 2017 155 2061 illi
174 2016 265 2075 probari
282 2014 399 2059 didicimus
417 2020 439 2059 et
457 2028 587 2073 persuasum
605 2017 713 2063 habemns
732 2024 754 2063 et
772 2019 893 2076 credimus,
954 2024 956 2034 '

39 2101 76 2158 qni
93 2099 158 2144 insita
175 2098 206 2142 illi
221 2098 282 2142 bona
298 2097 418 2152 imitantur,
435 2099 612 2154 temperantiam,
628 2099 734 2144 iustitiam
750 2104 772 2143 et
790 2099 894 2145 humani-

39 2185 113 2234 tatem,
131 2182 153 2222 et
169 2190 315 2236 quaecunque
331 2177 386 2231 Dei,
411 2176 448 2233 qni
473 2176 533 2221 nullo
550 2178 653 2235 imposito
677 2180 767 2223 nomine
791 2185 893 2237 nocetur,

38 2259 127 2317 propria
144 2261 201 2303 sunt.
233 2256 261 2300 Et
285 2269 336 2300 cum
359 2255 432 2299 bouus
448 2254 491 2311 sit,
507 2255 582 2299 olitaria
599 2257 658 2302 illum
676 2259 703 2302 ab
722 2259 785 2303 initio
805 2272 834 2304 en
852 2260 891 2305 in-

39 2341 104 2385 l'ormi
123 2334 216 2383 materia
229 2341 325 2395 propter
340 2335 439 2380 bornincs
455 2336 582 2381 condidisse
599 2338 739 2396 accepimus«
756 2346 782 2397 ¹).

100 2434 150 2478 Non
173 2431 244 2478 solnm
266 2429 396 2487 hocloco,
418 2429 459 2474 sed
481 2428 568 2475 dnobus
591 2430 681 2489 insnpei·
703 2433 752 2479 aliis
774 2447 793 2479 s.
810 2439 894 2493 martpn

38 2515 97 2559 lianc
115 2500 242 2572 opinionem
257 2512 380 2571 proposuit.
413 2512 439 2556 ln
456 2511 526 2556 altera
542 2526 583 2558 sna
596 2513 708 2573 Apologia
725 2518 747 2566 ἕ.
760 2514 775 2556 4
790 2513 893 2559 luculen-

38 2595 66 2637 tis
83 2592 158 2636 verbis
173 2590 267 2635 scribit:
294 2589 359 2648 „Non
378 2591 468 2648 pastro
489 2591 594 2635 rotrardum
615 2606 630 2636 a
646 2593 695 2636 Deo
716 2591 826 2637 conditum
842 2608 893 2639 esse

18 2711 21 2712 γ
39 2672 167 2729 didicimus,
192 2671 233 2715 sed
253 2674 350 2728 propter
373 2670 493 2715 lnimnnnm
512 2675 593 2729 pertint
606 2677 635 2728 2).
668 2674 730 2718 llanc
753 2680 826 2720 antem
848 2675 892 2720 do-

39 2735 195 2800 ctrinamnon
215 2756 319 2810 tanquam
344 2748 447 2807 placitum
464 2750 640 2809 philosophicum
663 2756 703 2798 ant
726 2767 787 2799 suam
810 2756 891 2814 singn-

39 2835 109 2879 larem
127 2832 255 2891 opinionem
268 2826 436 2887 praebet,sed
450 2834 474 2872 nt
494 2828 616 2873 doctrinam
633 2832 745 2892 traditam,
762 2841 786 2880 nt
802 2836 890 2882 doctri-

81 3054 99 3104 1)
116 3053 206 3103 np01.1‚
223 3052 283 3105 pro.

76 3126 96 3175 2)
113 3120 170 3173 Apol.
185 3124 211 3170 ll,
229 3124 244 3174 ᾗ.
259 3121 278 3158 l.
291 3121 410 3160 Conferatnr
425 3135 470 3159 cnm
488 3122 582 3160 hocloco
598 3122 614 3174 l
632 3124 643 3161 ὑ
660 3125 749 3166 eiusdem
764 3104 817 3169 'linit
831 3137 851 3172 ei
866 3132 891 3170 de

119 3201 224 3233 resurrect.
239 3200 248 3246 p
269 3195 288 3233 7.
