1979 3399
350 55 554 104 -105-

175 193 278 241 Esserus.
302 218 304 220 ·

25 277 83 314 ideae
104 274 172 321 Deus,
197 274 306 323 revelatio,
326 277 366 314 vlta
383 290 435 315 sem-

25 351 111 399 piterna.
133 368 154 376 -
181 346 324 391 »Recitabatur
345 349 367 386 in
387 361 436 395 mea(

25 444 54 454 ...
66 418 165 469 ipsedicit
179 420 201 455 ln
216 418 347 468 praefatione
358 419 435 457 Introd.

24 488 141 540 philosoph.
157 501 176 538 p.
192 489 226 526 lV.
241 501 285 540 sqq.

49 682 77 719 Eo
86 686 177 731 tempore
187 679 295 730 praecipue
307 691 388 730 operam
398 678 435 724 dee

24 753 53 789 dit
67 749 285 800 scriptistheologicis
299 773 322 780 -
335 750 434 788 Stattlert

24 846 47 852 -
61 821 84 858 ld
99 820 180 872 quidem
197 833 238 857 non
252 822 316 857 rrmlto
340 825 386 871 post
400 820 435 857 in-

25 884 118 938 tellexit,
143 896 281 941 argumentum
305 890 357 928 iliud
380 892 433 928 exsi-

22 964 107 1001 stentiae
122 963 158 999 liei
172 975 194 999 ea
217 961 315 1007 fortuita,
339 967 361 999 ut
378 961 433 999 dico-

22 1035 85 1080 11111,
105 1033 176 1071 11111111
200 1033 318 1070 exsistentia
339 1031 433 1082 petitum,

23 1106 185 1142 oaminovanum
202 1114 252 1140 esse.
275 1102 379 1139 Praeterea
392 1104 432 1139 iam

21 1182 63 1213 tum
77 1175 98 1212 in
113 1173 257 1226 psychologiae
269 1172 354 1210 scientia
367 1187 433 1225 usque

22 1258 45 1284 eo
59 1251 198 1296 processerat,
221 1250 244 1282 ut
258 1244 350 1291 videret,
370 1251 432 1282 onlo-

21 1316 86 1366 logiae
104 1315 179 1362 veteri,
202 1329 241 1367 qua
261 1321 303 1354 tota
323 1315 430 1366 metaphy-

21 1388 61 1425 sica
75 1386 186 1432 nitebatur,
202 1399 273 1438 parum
287 1399 347 1424 curae
362 1388 429 1434 fuisse,

20 1464 42 1496 ut
56 1457 80 1495 de
95 1458 192 1503 fontium,
207 1456 260 1495 viride
274 1459 370 1496 notiones
384 1473 429 1497 suas

20 1529 121 1576 hauriret,
144 1528 233 1581 puritate
260 1534 281 1566 et
306 1531 428 1570 certitudine

19 1607 126 1639 constaret.
144 1619 145 1624 ¹

65 1727 123 1761 Anno
141 1722 192 1762 1798
207 1724 281 1761 exactis
299 1723 354 1760 feriis
369 1729 428 1762 autu-

19 1793 119 1831 mnalibus
134 1794 193 1832 -ad
205 1808 276 1832 munus
290 1796 311 1833 in
325 1796 428 1844 gyrrrnasio

19 1865 139 1913 professoris
155 1867 239 1904 accessit
253 1890 277 1897 -
294 1878 318 1902 ea
333 1865 380 1911 lide,
395 1878 427 1903 re-

19 1934 94 1982 ligione
109 1942 129 1973 et
143 1937 173 1973 sui
189 1936 288 1974 commodi
303 1942 428 1987 contemptu,

19 2004 92 2053 (pribus
113 2019 150 2056 per
171 2019 250 2043 onmem
273 2008 328 2044 vitae
350 2020 427 2045 cursrrm

19 2076 137 2126 conspicuus
152 2078 196 2114 fait.
216 2077 246 2114 Ad
260 2078 326 2115 studia
334 2091 370 2115 sua
380 2079 428 2129 phi·

18 2145 123 2196 losophiae
137 2154 158 2185 et
172 2147 285 2196 theologiae
299 2149 427 2185 1111011111-

18 2229 65 2253 nere
81 2218 203 2255 constitutus
217 2220 261 2256 siue
276 2220 426 2258 intermissione

19 2287 136 2326 incumbere
151 2291 245 2341 perrexit.

51 2411 80 2448 Ex
100 2413 157 2449 novis
182 2413 310 2464 philosophis
330 2417 427 2454 Kantium

19 2491 67 2530 prae
89 2484 160 2520 ceteris
181 2485 298 2530 Hermesius
316 2489 428 2526 veneraba-

21 2556 53 2588 tur
67 2558 87 2590 et
100 2555 166 2604 magni
181 2555 276 2595 <lucebat
290 2560 370 2598 —Sine
387 2560 428 2597 ulla

20 2620 147 2662 dubitatione
170 2626 208 2663 hoc
226 2629 246 2664 ei
266 2628 351 2675 tribuit,
372 2628 431 2678 (pavori

21 2696 95 2743 primus
116 2698 250 2744 ostendisset,
271 2700 427 2751 metaphysicam

20 2768 108 2801 veterum
120 2768 179 2810 firmo
197 2769 330 2808 fundamento
345 2773 428 2809 omnino

20 2842 97 2883 carere,
117 2839 214 2890 quodque
228 2841 275 2877 artis
289 2843 370 2880 criticae
387 2850 429 2881 stu-

20 2900 74 2941 dium
88 2908 110 2944 in
123 2907 378 2962 philosophisTheodiscis¹
394 2928 426 2952 ea-

20 2974 126 3016 citavisset.

61 3095 157 3149 Quamvis
172 3116 218 3142 vero
239 3105 302 3144 11111111
319 3107 348 3158 (in
371 3110 429 3147 Kara-

20 3164 57 3216 111)
70 3172 228 3223 reprehenderet
249 3200 271 3208 -
288 3199 311 3208 ·-
335 3192 376 3217 non
390 3193 428 3232 po-

598 193 728 242 Petronius,

472 278 582 316 hitatlorres
597 278 618 316 in
634 291 658 316 eo
680 278 781 315 excitatae
798 281 846 315 sunt
860 278 886 315 de

472 349 529 396 Deo,
552 349 577 387 de
592 349 726 392 Revelatioue
749 348 817 400 deque
839 349 886 388 vita

473 421 618 471 sempiterna,
642 415 813 474 quemadmodum
839 422 885 472 ipse

473 491 576 529 confessus
591 498 621 530 est
635 496 656 531 11
673 494 801 545 praefatione
816 495 884 532 latro-

472 564 572 602 duetionis
587 577 634 603 suae
643 565 798 617 philosophicae
814 579 834 618 p«
848 567 884 604 lv.

525 686 643 733 Profitetur,
668 694 805 738 argumentum
828 689 882 727 111111

472 758 601 796 exsistentiae
625 758 662 795 Dei
688 759 825 808 ontologicum
842 760 882 796 fal-

471 842 514 868 sam
528 842 587 875 esse,
609 829 630 866 id
650 841 692 866 sese
713 829 838 867 intellexisse
858 843 883 867 es

470 902 551 951 scriptis
571 901 674 938 benedicti
696 900 788 938 Stattleri
800 904 814 950 ¹)
834 902 882 951 phi-

470 972 580 1024 losophicis
603 978 624 1009 et
646 972 766 1023 theologicis
797 973 880 1025 (magna

469 1057 516 1094 pars
538 1058 621 1094 operum
645 1045 689 1081 eius
709 1045 747 1081 viri
770 1045 791 1080 in
813 1044 882 1080 indice

470 1112 567 1152 librorum
580 1115 730 1166 prohibitorum
745 1115 832 1165 reposita
844 1121 882 1161 est,

469 1193 491 1224 ut
506 1194 577 1224 notum
593 1187 701 1239 omnibus),
725 1186 828 1224 Praeterea
841 1186 881 1223 hoc

468 1266 595 1307 cognoverat,
609 1266 631 1295 ut
644 1258 694 1296 dicit
706 1259 829 1304 Hermesius,
843 1270 881 1294 on-

467 1330 564 1379 tologiam
586 1338 677 1367 veterum
700 1329 808 1366 detlrrrisse
831 1340 880 1364 con-

466 1403 568 1440 clusiones
582 1415 626 1439 suas
640 1415 665 1438 ea
678 1402 769 1440 fontibus
783 1402 830 1439 satis
841 1401 880 1437 irn-

465 1475 521 1524 puris
535 1479 556 1511 et
572 1474 660 1512 incertis.

490 1736 576 1774 Talibus
595 1737 764 1789 dispositionibus
785 1742 876 1785 tempore

466 1809 580 1845 autumnali
602 1822 620 1846 a.
642 1808 694 1847 1798
712 1808 737 1845 ad
757 1805 879 1859 professoris

465 1878 485 1914 in
505 1880 607 1927 gymnasio
625 1880 779 1918 bionasterieasi
801 1889 876 1916 antinus

464 1949 562 1996 accessit,

464 2173 504 2210 quo
519 2166 585 2197 tarrren
592 2171 674 2196 munere
681 2158 735 2195 haud
746 2158 875 2209 impedieba-

463 2230 876 2282 tuaqueminusstudiasuaphilosophiae

463 2307 484 2337 et
497 2299 613 2349 theologiae
620 2302 706 2352 arnplius
714 2308 876 2353 persequeretur.

490 2424 587 2462 1111111111
609 2436 731 2475 magnopere
749 2424 874 2470 aestimabat,

465 2495 541 2546 quippe
553 2509 611 2546 quem
623 2497 702 2546 egregie
714 2495 825 2533 ostendisse.
836 2509 875 2546 pu-

464 2571 523 2611 taret,
536 2568 693 2617 metaphysicam
711 2573 802 2605 veterum
818 2567 875 2603 firmo

464 2636 596 2673 fundamento
619 2638 675 2675 omni
694 2651 774 2687 carere,
805 2638 874 2687 itaque

464 2706 608 2758 philosophum
623 2710 681 2746 ilium
695 2710 874 2758 liegiomontauum

464 2782 550 2830 primum
568 2779 629 2815 fuisse
652 2779 775 2826 declaravit,
798 2777 833 2827 qui
853 2777 874 2812 in

465 2851 573 2888 Germania
594 2851 687 2901 spiritum
705 2847 807 2886 criticismi
826 2845 874 2897 phi-

466 2921 566 2972 losophici
584 2921 696 2957 excitasset.

505 3081 671 3128 investigatorem
691 3077 810 3128 originalem
829 3091 875 3116 eum

487 3188 502 3224 11
515 3189 579 3221 Falsum
592 3194 617 3220 est
629 3189 666 3220 hoc,
