1979 3399
392 43 577 95 423..

54 194 97 247 tur,
115 199 216 248 peraeque
232 188 322 233 nonnisi
338 188 413 248 logico
430 198 468 232 res
488 188 587 230 tractore
604 173 709 237 solebat,
731 194 759 225 eo
777 180 827 238 ipso
844 193 917 239 quos-

53 270 143 332 cunque
159 256 303 331 'progressus
326 270 450 328 repressit,
469 273 493 313 et
514 266 606 312 normisi
629 265 766 310 obstructum
791 262 917 319 scientium,

53 352 122 398 rebus
137 366 232 398 vacuom
249 356 272 395 et
289 350 343 395 solis
359 351 436 394 uerbis
450 353 606 406 constantem,
623 346 701 392 'edere
718 344 797 418 potuit.
828 342 917 389 Cotho-

54 432 98 478 licc
116 433 183 492 igitur
198 432 294 477 scientia
309 430 452 487 procreanda
468 422 517 485 cst',
532 433 555 473 et
572 429 630 474 lmnc
649 441 714 473 inens
731 423 845 483 humanu,
863 437 919 483 per-

54 516 117 556 taesa
133 513 223 570 inopiae
242 516 265 554 et
281 509 396 554 unburum
413 510 461 554 eius
473 544 479 565 ‚
490 558 493 563 ,
503 521 560 568 quac
584 523 644 554 nunc
662 514 697 554 est
718 508 847 563 scientiae,
870 519 918 550 er-

55 596 149 650 spectat.
172 592 207 635 Ex
223 592 292 635 cortis
308 589 361 635 fidei
378 589 507 635 notionibus
525 591 589 635 ocius
608 592 681 635 serius
696 597 734 639 unt
746 603 801 635 rnox
816 592 917 647 systenm
950 575 952 577 '

49 671 162 732 ’generale
180 671 282 715 omnibus
301 677 417 731 acceptum
437 672 544 729 (spstdrne
560 667 748 726 d'eoprlieotion),
768 682 824 713 reru
839 667 917 727 pbilo-

52 751 141 810 sopbiu,
159 765 216 810 qirue
235 751 354 799 desideriis
369 751 454 799 soeculi
469 749 601 809 respondet,
618 748 724 792 1111111111(ί

115 831 178 876 Haec
201 836 236 876 est
261 832 398 877 Lumenneei
428 829 546 886 doctrina,
580 842 645 887 iprum
674 827 764 885 quidem
789 822 917 869 doctrinam

53 911 154 970 episcopi
171 911 367 956 Franco-Gallici
383 916 488 970 tunquam
508 923 557 955 eom
575 895 723 964 notaverunt,
740 920 798 965 quem
815 904 916 949 scandu-

52 989 102 1036 losu
120 992 155 1048 sit,
172 991 278 1036 haeresin
294 994 373 1049 sopiat,
388 991 445 1036 salsa
463 990 499 1048 sit,
517 989 646 1045 temerarie,
665 989 687 1032 in
705 986 862 1032 sanctissimos
879 985 916 1029 ri-

53 1057 108 1126 105,
131 1072 168 1128 qui
185 1084 267 1130 magno
292 1070 417 1117 catholicae
434 1070 551 1130 religionis
575 1070 637 1113 bono
654 1067 818 1114 Scholasticurn
841 1078 913 1110 exco-

52 1149 122 1206 luere,
138 1150 247 1195 iniurioso
261 1155 287 1207 ¹).

115 1232 143 1277 Ut
164 1232 229 1277 istum
252 1230 377 1275 doctrinam
399 1230 536 1289 adprobaret
552 1229 725 1283 Lamonnueus,
751 1231 830 1271 uetere
856 1228 914 1271 arti-

52 1312 104 1357 ticio
120 1324 175 1356 usus
193 1317 243 1368 est,
266 1325 316 1355 cum
334 1312 455 1370 episcopos
478 1315 501 1354 et
519 1310 640 1368 theologos
655 1307 846 1352 Franco-Galliae
863 1312 916 1352 tan.

50 1405 119 1450 quam
136 1391 280 1437 Curtesianos
298 1391 452 1448 proscriberet
468 1394 491 1434 et
506 1390 627 1448 praecipue
641 1390 665 1433 in
677 1387 773 1432 Cartesii
791 1388 915 1433 dubitatio-

52 1482 94 1513 nes
111 1469 214 1526 impetum
233 1469 347 1528 dirigeret.
386 1469 469 1526 „quta
491 1474 589 1527 systema
607 1468 794 1524 8111181111111111,α
817 1469 851 1513 sic
870 1468 914 1513 ulia

52 1549 187 1593 Lumennaei
197 1548 320 1607 propositio
334 1550 423 1604 asserit⁷
438 1547 531 1606 „tidelis
545 1549 633 1607 [proties
651 1548 679 1593 de
692 1550 787 1593 veritate
798 1561 811 1593 u
821 1560 848 1593 sc
860 1561 915 1593 cre-

51 1628 126 1674 denda
143 1629 167 1673 in
185 1629 259 1673 animo
276 1630 324 1673 eius
342 1634 444 1688 emergat
460 1628 584 1687 dubitatio,
599 1628 653 1673 lruic
667 1629 774 1675 assentiri
789 1627 858 1672 debet
870 1633 913 1684 2).ss

114 1709 192 1755 Sicubi
216 1710 391 1768 negaverimus,
416 1714 440 1754 ut
455 1709 612 1755 Lmnennaeus
629 1709 695 1765 lacit,
722 1709 858 1768 singularem
875 1723 916 1753 rn-

53 1789 137 1854 tionem
151 1802 192 1847 per
208 1801 233 1833 se
251 1791 322 1847 ipsam
339 1789 465 1848 intelligere
474 1802 543 1847 posse
559 1789 625 1834 ullam
637 1794 724 1848 partem
736 1791 845 1846 rcritutis,
858 1804 917 1835 eon-

52 1870 113 1914 tinno
131 1869 260 1914 concedere
273 1869 412 1927 debebimus,
432 1869 582 1915 dubitabones
593 1870 683 1915 ueritati
697 1871 838 1930 perniciosas
854 1884 914 1929 esse,

92 2022 113 2067 1)
127 2021 181 2058 llaec
196 2023 295 2068 doctrina,
306 2031 407 2074 (prutenus
421 2026 493 2061 asserti
508 2025 613 2062 scientiam
628 2025 749 2062 catholicum
764 2027 855 2064 norrdnrn
870 2040 913 2065 esse

129 2099 229 2138 creatam,
243 2094 359 2131 scandaloso
375 2101 417 2139 est,
435 2095 535 2142 haeresim
551 2098 639 2147 sapiens,

153 2162 198 2212 Qua
212 2170 268 2214 purte
284 2164 371 2201 affirmat
383 2164 525 2213 Theologiam,
539 2167 596 2201 iuxta
612 2163 730 2200 methodum
747 2166 767 2200 in
782 2165 861 2201 Scholis
876 2177 911 2201 ca-

130 2231 210 2270 tholicis
225 2240 353 2284 nsrmpatam,
370 2235 476 2280 scientiam
495 2248 537 2272 esse
557 2235 691 2281 abstractam,
712 2235 772 2273 rebus
793 2248 878 2272 uncnorn
892 2243 913 2273 et

131 2304 178 2342 solis
193 2304 260 2343 verbis
277 2312 415 2352 constantem,
436 2313 496 2359 atque
516 2307 567 2345 adeo
588 2321 631 2345 esse
651 2309 765 2354 confusum¹
786 2307 912 2345 inconditum

125 2380 151 2412 ‘et
165 2377 254 2428 inopem,
271 2384 293 2414 nt
308 2378 372 2430 impar
386 2380 418 2425 sit,
431 2380 490 2416 sicuti
505 2380 595 2417 insinuat
609 2386 685 2425 unctor,
698 2387 763 2418 certae
772 2379 818 2417 fidei
834 2380 914 2418 notioni

131 2447 270 2494 exhibendae,
286 2449 336 2485 salsa
351 2456 387 2495 est,
401 2451 514 2494 temeraria,
529 2452 550 2487 in
564 2452 699 2488 sanctissimos
714 2452 773 2495 viros,
788 2450 821 2501 qni
836 2462 909 2498 rnagno

129 2518 243 2557 catholicae
258 2521 363 2569 religionis
377 2522 431 2558 bono
447 2521 593 2559 Scliolusticanr
608 2523 722 2567 excoluere,
736 2528 798 2573 atque
814 2522 834 2557 in
849 2520 913 2558 Scho-

131 2586 160 2625 los
174 2589 283 2628 catholicas
300 2593 404 2638 iniuriosa,
419 2593 493 2630 infesta
508 2594 529 2631 in
544 2593 688 2631 scholasticam
704 2593 850 2631 hoereticorum
864 2604 912 2628 con-

130 2658 182 2696 vicia
196 2668 285 2699 renovat.
300 2664 323 2701 V.
333 2665 421 2703 Censure
437 2664 462 2703 (le
476 2666 503 2702 M.
519 2667 548 2702 De
564 2667 591 2702 La
602 2666 701 2712 Menaeis,
717 2678 753 2717 par
766 2662 911 2713 l'Arclrei‘ispue

131 2728 156 2766 de
171 2731 283 2776 'l'oulonse

90 2799 112 2852 2)
128 2799 216 2837 Censura
232 2803 373 2855 episcoporum
388 2807 611 2845 Franco-Gallicorum
625 2805 675 2842 baec
689 2811 728 2842 est:
749 2806 802 2841 llaec
815 2802 911 2853 proposi-

126 2871 169 2918 110,
186 2873 208 2909 in
220 2886 261 2925 qua
275 2882 345 2914 auctor
360 2878 391 2915 his
407 2878 522 2924 uocabulis,
538 2884 623 2927 systema
639 2889 673 2913 sen
688 2876 779 2912 doctrina
794 2875 912 2921 castesium,

126 2943 230 2990 abutitur,
248 2951 272 2982 ut
285 2958 345 2997 snpra
358 2951 485 2996 notavimus,
504 2950 554 2987 falso
571 2955 613 2993 est,
627 2948 763 2991 calumniosa,
778 2946 878 2982 iniuriosa
892 2947 914 2983 in

125 3013 234 3053 Ecclesium
251 3029 302 3068 [piae
317 3018 378 3058 fidem
391 3033 473 3059 suornm
487 3021 620 3065 alumnorum,
635 3018 651 3055 si
665 3029 734 3054 rerum
749 3015 912 3062 diceretauctor,

125 3095 136 3118 a
150 3085 242 3135 pluribus
259 3086 330 3124 saltem
344 3092 430 3129 saeculis
446 3092 507 3129 tutori
523 3090 634 3128 nesciisset.
649 3112 672 3119 -
692 3088 782 3128 Cenunre
797 3088 822 3126 de
837 3088 865 3126 ut.
880 3089 909 3125 ne

125 3154 151 3192 La
167 3156 265 3205 blennuis,
279 3172 316 3211 pur
328 3159 475 3216 l'Arehereque
491 3162 516 3200 de
530 3161 640 3200 Tonlonse.
