1979 3399
425 65 627 130 --78--Χ

184 222 308 275 sententias
332 222 355 265 et
375 229 486 278 responsa
505 217 629 264 ,doctorum
647 217 834 277 amplissimorum
849 220 947 279 suspici-

184 303 248 359 mus,
271 301 313 347 sed
334 299 417 345 nullam
433 312 511 346 eorum
530 299 554 344 in
569 299 638 345 rebus
656 299 769 348 ecelesiae
785 300 945 349 Franco-Gal-

184 383 243 428 linae
259 381 436 427 iurisdietionem
453 380 610 442 agnoseirnus“
625 385 652 439 1).

152 464 180 508 Ia
201 463 289 508 diurnis
312 463 426 508 historicis
444 470 466 508 et
481 463 598 530 titterort'ls
610 466 631 519 ²]
654 475 711 521 quae
726 462 805 508 Leodii
821 477 874 511 eura
888 464 948 511 Ker-

88 545 155 591 stenii
171 545 283 605 prodeunt
296 551 347 590 ante
363 544 406 592 hos
424 550 470 591 tres
487 559 559 591 annos
576 545 681 604 seriptum
697 545 841 605 legebamus:

183 624 278 683 „Verum
294 624 339 670 boe
356 630 398 684 est,
414 627 512 672 ludieem
529 641 569 686 per
587 627 781 673 Franco-Galliam
792 628 850 687 legis
864 632 947 673 aueto-

182 707 248 752 ritate
264 719 360 764 carere,
376 713 398 753 et
415 709 503 768 quidem
521 709 587 754 tacite
605 709 683 754 suunni
698 709 810 754 Pontibeis
827 722 948 766 consensu,

183 788 221 846 qui
246 787 403 848 theologorum
426 789 678 852 Franco-Gallicorum
701 788 745 834 bae
766 789 794 835 de
815 803 840 835 re
864 790 946 849 placita

182 867 246 912 novit
266 882 310 912 nee
332 873 406 913 tamen
427 868 541 915 reclamat.
580 869 721 929 Quapropter
744 869 822 916 fideles
847 873 884 931 qui
905 884 947 930 per

184 949 381 996 Franco-Galliam
397 948 468 995 libros
485 951 509 995 in
525 948 624 994 lndieern
636 949 766 1008 simpliciter
776 955 881 1009 receptos
890 962 948 1009 pos-

186 1031 261 1075 sident
281 1031 416 1091 legumque,
439 1031 461 1076 in
479 1044 564 1090 poenas
580 1043 626 1075 non
644 1032 776 1088 incurrunt,
801 1043 857 1090 quas
876 1030 948 1076 Index

185 1112 300 1156 sanelv'it.“
954 1173 959 1179 „

151 1191 202 1237 Hoc
219 1192 247 1237 de
263 1192 438 1238 Franco-Gallia
462 1192 543 1237 dietum
560 1193 627 1237 etiarn
645 1191 673 1237 de
691 1192 810 1241 (tenuanda
827 1192 947 1248 dicendum

89 1277 142 1339 est,
163 1274 201 1319 ubi
225 1274 279 1320 item
296 1274 367 1320 Index
382 1273 489 1320 libroruin
507 1273 671 1334 prohibitorum
688 1256 801 1333 nuntpuam
817 1274 866 1318 sive
882 1275 948 1319 evul-

88 1359 156 1414 gatus
172 1360 207 1400 est
224 1358 358 1401 auctoritaie
374 1355 462 1415 publiea
478 1356 527 1400 sive
540 1359 652 1414 receptus
668 1368 742 1413 neque
758 1368 798 1414 per
810 1355 884 1414 legem
897 1369 947 1401 eam

88 1420 118 1480 eb
135 1448 183 1480 reni
207 1435 274 1480 latam
296 1439 371 1495 neptre
393 1437 463 1480 tacito
485 1448 606 1480 consensu.
640 1435 667 1480 Ut
683 1440 814 1494 argumenta
831 1436 874 1482 alia
890 1438 945 1482 satis

87 1521 141 1561 neta
158 1518 297 1573 bruttianum,
313 1517 343 1563 ad
368 1518 518 1563 institutiones
535 1518 590 1563 iuris
606 1517 756 1563 ecelesiastmi
773 1510 874 1574 Walteri,
890 1531 946 1577 pro-

89 1598 186 1643 fessoris
203 1598 338 1656 Bonnensis,
354 1599 539 1658 provocabimus.
569 1598 591 1643 Is
607 1597 667 1642 enim
688 1599 712 1642 in
733 1598 805 1656 prima
821 1600 896 1657 operis
912 1599 946 1644 sui

87 1678 188 1724 editione
204 1686 224 1735 p.
243 1680 280 1725 se.
297 1693 318 1738 p.
336 1680 387 1724 173.
404 1680 428 1724 in
439 1681 508 1724 variis
523 1678 743 1738 congregationibus
759 1679 827 1723 etiarn
842 1679 947 1739 Congre-

88 1761 203 1820 gationem
219 1760 302 1805 ludieis
323 1765 433 1806 memorat
449 1760 507 1826 baec
525 1760 642 1805 scribens:

183 1859 349 1918 „Congregatio
365 1857 456 1915 Indicis,
472 1871 537 1917 quarn
552 1858 627 1904 Sirius
645 1857 662 1901 V
678 1856 741 1903 libris
757 1858 876 1903 censendis
887 1872 945 1904 eon-

184 1925 275 1984 stituit(
292 1939 369 1998 ltaque
393 1938 490 1984 lndicenr
513 1938 620 1983 librorum
641 1938 803 1998 prohibitorum
825 1940 871 1985 edit
895 1954 945 1985 eum

181 2020 308 2080 praeoepds
329 2020 475 2081 quidusdam,
492 2034 549 2079 quae
567 2025 642 2065 iernen
659 2019 683 2064 in
699 2019 822 2065 Gervooaio
837 2034 883 2065 raon
902 2022 945 2066 ob-

183 2106 327 2147 sereroiturss

149 2202 242 2247 Etiamsi
257 2201 325 2261 igitur
343 2200 472 2245 l-lerrnesius
488 2197 587 2245 Stattleri
607 2199 689 2259 scripta
710 2199 818 2260 legisset,
841 2202 908 2246 inuno
925 2203 946 2247 si

88 2288 167 2342 postea
190 2283 248 2327 adeo
267 2285 290 2327 in
313 2273 502 2340 praelectionibus
520 2283 599 2327 ducein
619 2295 669 2328 eum
689 2278 781 2327 secutus
797 2287 872 2339 esset⁷
894 2283 946 2327 nul-

89 2365 134 2410 lum
156 2364 268 2409 ecelesiae
290 2368 432 2421 praeceptum
453 2364 575 2420 violasset,
600 2362 660 2407 uude
683 2362 824 2420 intelligitur,
845 2363 946 2408 Perronii

91 2445 269 2490 erlrnirrationenr
290 2444 367 2502 utique
388 2443 491 2487 iruustam
511 2456 570 2487 esse.
603 2429 710 2487 Orrrnibus
733 2443 786 2487 satis
806 2447 883 2488 nebim
905 2450 947 2500 est,

90 2524 259 2581 Dannemnupri
282 2520 435 2566 institutiones
457 2520 507 2565 bist.
524 2521 691 2566 ecclesiasticae
706 2511 730 2568 in
747 2523 846 2568 lndieem
862 2523 947 2568 Rorna-

89 2619 143 2651 num
159 2618 211 2650 esse
232 2603 328 2661 relatas,
352 2607 374 2648 et
392 2606 466 2646 tamen
485 2601 564 2647 iisdem
585 2604 761 2650 [restitutionibus
777 2617 818 2665 pro
837 2618 946 2664 compen-

90 2689 128 2734 dio
149 2686 221 2746 palam
248 2697 304 2730 usae
325 2688 376 2729 sunt
400 2683 556 2729 universitates
581 2683 764 2731 vindobonensis
787 2690 810 2730 et
832 2685 946 2745 Herbipo-

89 2769 172 2825 lensiS‚
200 2778 254 2813 usus
280 2769 315 2809 est
340 2763 397 2809 ordo
421 2762 577 2822 theologorum
602 2765 762 2812 catholicorum
786 2750 809 2811 in
833 2768 946 2812 universi-

89 2854 135 2895 tate
153 2846 277 2903 Giessensi‚
294 2858 348 2890 usus
371 2848 406 2890 est
421 2844 444 2889 in
461 2844 606 2892 celeberrimo
627 2848 752 2895 Serninario
770 2847 830 2909 quod
847 2848 945 2893 'treviris

90 2931 156 2976 lloret
177 2930 196 2975 is
216 2930 251 2974 vir
268 2927 305 2987 qui
324 2927 451 2971 etiamnunc
464 2924 585 2973 litterarum
602 2934 624 2975 et
639 2930 780 2977 orthodoxae
804 2930 856 2976 fidei
878 2930 944 2976 laude

137 3165 155 3214 l)
172 3165 249 3214 Fleurp,
264 3167 383 3204 Institutlon
398 3179 423 3203 nn
439 3164 493 3201 droit
509 3168 627 3218 canentque.

130 3237 151 3291 2)
167 3235 251 3273 Journal
267 3239 379 3290 lrlsterique
394 3244 415 3275 et
428 3236 533 3275 litteralre.
