<?xml version="1.0" encoding="UTF-8"?>
<!DOCTYPE html PUBLIC "-//W3C//DTD XHTML 1.0 Transitional//EN"
    "http://www.w3.org/TR/xhtml1/DTD/xhtml1-transitional.dtd">
<html xmlns="http://www.w3.org/1999/xhtml" xml:lang="en" lang="en">
 <head>
  <title>
</title>
<meta http-equiv="Content-Type" content="text/html;charset=utf-8" />
  <meta name='ocr-system' content='tesseract 3.04.00' />
  <meta name='ocr-capabilities' content='ocr_page ocr_carea ocr_par ocr_line ocrx_word'/>
</head>
<body>
  <div class='ocr_page' id='page_1' title='image "MN5163ucmf_1_0229.png"; bbox 0 0 1979 3399; ppageno 0'>
   <div class='ocr_carea' id='block_1_1' title="bbox 357 57 578 117">
    <p class='ocr_par' dir='ltr' id='par_1_1' title="bbox 357 57 578 117">
     <span class='ocr_line' id='line_1_1' title="bbox 357 57 578 117; baseline -0.009 0"><span class='ocrx_word' id='word_1_1' title='bbox 357 91 392 98; x_wconf 81' lang='grc'><strong>-</strong></span> <span class='ocrx_word' id='word_1_2' title='bbox 435 64 486 117; x_wconf 81' lang='lat'>193</span> <span class='ocrx_word' id='word_1_3' title='bbox 525 57 578 106; x_wconf 74' lang='grc' dir='ltr'>-ΐ</span> 
     </span>
    </p>
   </div>
   <div class='ocr_carea' id='block_1_2' title="bbox 37 204 913 3078">
    <p class='ocr_par' dir='ltr' id='par_1_2' title="bbox 37 204 913 3078">
     <span class='ocr_line' id='line_1_2' title="bbox 37 204 899 271; baseline -0.002 -17"><span class='ocrx_word' id='word_1_4' title='bbox 37 205 109 254; x_wconf 77' lang='lat' dir='ltr'>terreri</span> <span class='ocrx_word' id='word_1_5' title='bbox 125 218 170 250; x_wconf 90' lang='lat' dir='ltr'>nan</span> <span class='ocrx_word' id='word_1_6' title='bbox 187 217 239 250; x_wconf 82' lang='lat' dir='ltr'>esse</span> <span class='ocrx_word' id='word_1_7' title='bbox 260 204 303 250; x_wconf 83' lang='lat' dir='ltr'>alsi</span> <span class='ocrx_word' id='word_1_8' title='bbox 323 206 460 264; x_wconf 82' lang='lat' dir='ltr'>practicam,</span> <span class='ocrx_word' id='word_1_9' title='bbox 476 206 499 271; x_wconf 74' lang='grc'>16.</span> <span class='ocrx_word' id='word_1_10' title='bbox 517 219 537 251; x_wconf 92' lang='lat' dir='ltr'>c.</span> <span class='ocrx_word' id='word_1_11' title='bbox 557 217 676 252; x_wconf 80' lang='lat' dir='ltr'>assensum</span> <span class='ocrx_word' id='word_1_12' title='bbox 693 204 783 250; x_wconf 86' lang='lat' dir='ltr'>ratione</span> <span class='ocrx_word' id='word_1_13' title='bbox 800 208 899 264; x_wconf 82' lang='lat' dir='ltr'>practica</span> 
     </span>
     <span class='ocr_line' id='line_1_3' title="bbox 38 286 899 347; baseline -0.005 -10"><span class='ocrx_word' id='word_1_14' title='bbox 38 295 62 337; x_wconf 86' lang='lat' dir='ltr'>in</span> <span class='ocrx_word' id='word_1_15' title='bbox 78 289 169 335; x_wconf 87' lang='lat' dir='ltr'>homine</span> <span class='ocrx_word' id='word_1_16' title='bbox 184 286 301 345; x_wconf 81' lang='lat' dir='ltr'>effectum,</span> <span class='ocrx_word' id='word_1_17' title='bbox 319 288 341 333; x_wconf 92' lang='lat' dir='ltr'>id</span> <span class='ocrx_word' id='word_1_18' title='bbox 359 294 436 347; x_wconf 89' lang='lat' dir='ltr'>aperte</span> <span class='ocrx_word' id='word_1_19' title='bbox 456 301 534 334; x_wconf 91' lang='lat' dir='ltr'>rursus</span> <span class='ocrx_word' id='word_1_20' title='bbox 548 288 715 347; x_wconf 86' lang='lat' dir='ltr'>pronuntiatum</span> <span class='ocrx_word' id='word_1_21' title='bbox 733 286 829 346; x_wconf 81' lang='lat' dir='ltr'>legimus</span> <span class='ocrx_word' id='word_1_22' title='bbox 845 300 866 346; x_wconf 90' lang='lat' dir='ltr'>p.</span> <span class='ocrx_word' id='word_1_23' title='bbox 884 289 899 333; x_wconf 80' lang='lat'>8</span> 
     </span>
     <span class='ocr_line' id='line_1_4' title="bbox 39 356 898 426; baseline -0.005 -11"><span class='ocrx_word' id='word_1_24' title='bbox 39 370 84 416; x_wconf 81' lang='lat' dir='ltr'>vol.</span> <span class='ocrx_word' id='word_1_25' title='bbox 99 370 116 426; x_wconf 86' lang='lat'>1,</span> <span class='ocrx_word' id='word_1_26' title='bbox 133 368 171 414; x_wconf 85' lang='lat' dir='ltr'>ubi</span> <span class='ocrx_word' id='word_1_27' title='bbox 191 356 241 413; x_wconf 84' lang='lat' dir='ltr'>est:</span> <span class='ocrx_word' id='word_1_28' title='bbox 262 368 356 413; x_wconf 80' lang='lat' dir='ltr'>moratis</span> <span class='ocrx_word' id='word_1_29' title='bbox 380 368 489 413; x_wconf 75' lang='lat' dir='ltr'><em>certitudo</em></span> <span class='ocrx_word' id='word_1_30' title='bbox 509 368 540 412; x_wconf 90' lang='lat' dir='ltr'>ad</span> <span class='ocrx_word' id='word_1_31' title='bbox 560 369 728 414; x_wconf 81' lang='lat' dir='ltr'>assentiendum</span> <span class='ocrx_word' id='word_1_32' title='bbox 752 366 852 425; x_wconf 80' lang='lat' dir='ltr'>irrrpaltt&#39;t.</span> <span class='ocrx_word' id='word_1_33' title='bbox 871 394 898 400; x_wconf 84' lang='lat'>-</span> 
     </span>
     <span class='ocr_line' id='line_1_5' title="bbox 39 450 774 510; baseline -0.005 -11"><span class='ocrx_word' id='word_1_34' title='bbox 39 455 150 499; x_wconf 87' lang='lat' dir='ltr'>Continuo</span> <span class='ocrx_word' id='word_1_35' title='bbox 168 456 220 510; x_wconf 87' lang='lat' dir='ltr'>pust</span> <span class='ocrx_word' id='word_1_36' title='bbox 234 450 305 495; x_wconf 78' lang='lat' dir='ltr'>verta</span> <span class='ocrx_word' id='word_1_37' title='bbox 322 464 388 509; x_wconf 88' lang='lat' dir='ltr'>supra</span> <span class='ocrx_word' id='word_1_38' title='bbox 405 455 530 495; x_wconf 82' lang='lat' dir='ltr'>urerncrata</span> <span class='ocrx_word' id='word_1_39' title='bbox 546 451 623 496; x_wconf 80' lang='lat' dir='ltr'>scribit</span> <span class='ocrx_word' id='word_1_40' title='bbox 638 451 774 500; x_wconf 87' lang='lat' dir='ltr'>Perranius;</span> 
     </span>
     <span class='ocr_line' id='line_1_6' title="bbox 133 529 900 590; baseline -0.001 -15"><span class='ocrx_word' id='word_1_41' title='bbox 133 530 209 589; x_wconf 82' lang='lat' dir='ltr'>„Haec</span> <span class='ocrx_word' id='word_1_42' title='bbox 234 531 349 575; x_wconf 89' lang='lat' dir='ltr'>annotatio</span> <span class='ocrx_word' id='word_1_43' title='bbox 374 529 535 574; x_wconf 89' lang='lat' dir='ltr'>Hermesianos</span> <span class='ocrx_word' id='word_1_44' title='bbox 561 543 607 575; x_wconf 90' lang='lat' dir='ltr'>non</span> <span class='ocrx_word' id='word_1_45' title='bbox 631 533 720 590; x_wconf 79' lang='lat' dir='ltr'>paulum</span> <span class='ocrx_word' id='word_1_46' title='bbox 744 531 852 588; x_wconf 82' lang='lat' dir='ltr'>offendit,</span> <span class='ocrx_word' id='word_1_47' title='bbox 877 534 900 575; x_wconf 88' lang='lat' dir='ltr'>et</span> 
     </span>
     <span class='ocr_line' id='line_1_7' title="bbox 133 610 900 672; baseline 0.004 -19"><span class='ocrx_word' id='word_1_48' title='bbox 133 613 225 668; x_wconf 85' lang='lat' dir='ltr'>propter</span> <span class='ocrx_word' id='word_1_49' title='bbox 249 623 297 654; x_wconf 87' lang='lat' dir='ltr'>eam</span> <span class='ocrx_word' id='word_1_50' title='bbox 316 610 432 669; x_wconf 87' lang='lat' dir='ltr'>strepitum</span> <span class='ocrx_word' id='word_1_51' title='bbox 449 616 575 655; x_wconf 83' lang='lat' dir='ltr'>moverant.</span> <span class='ocrx_word' id='word_1_52' title='bbox 608 613 653 659; x_wconf 85' lang='lat' dir='ltr'>Sed</span> <span class='ocrx_word' id='word_1_53' title='bbox 671 615 724 672; x_wconf 88' lang='lat' dir='ltr'>quia</span> <span class='ocrx_word' id='word_1_54' title='bbox 739 614 817 672; x_wconf 79' lang='lat' dir='ltr'>paucis</span> <span class='ocrx_word' id='word_1_55' title='bbox 834 625 900 657; x_wconf 84' lang='lat' dir='ltr'>men-</span> 
     </span>
     <span class='ocr_line' id='line_1_8' title="bbox 134 683 901 753; baseline 0.005 -18"><span class='ocrx_word' id='word_1_56' title='bbox 134 691 197 736; x_wconf 88' lang='lat' dir='ltr'>sibus</span> <span class='ocrx_word' id='word_1_57' title='bbox 208 696 260 750; x_wconf 89' lang='lat' dir='ltr'>post</span> <span class='ocrx_word' id='word_1_58' title='bbox 273 705 339 750; x_wconf 89' lang='lat' dir='ltr'>quam</span> <span class='ocrx_word' id='word_1_59' title='bbox 355 692 393 737; x_wconf 89' lang='lat' dir='ltr'>illa</span> <span class='ocrx_word' id='word_1_60' title='bbox 411 693 516 751; x_wconf 76' lang='lat' dir='ltr'>evrrtgata</span> <span class='ocrx_word' id='word_1_61' title='bbox 532 697 588 750; x_wconf 80' lang='lat' dir='ltr'>erat,</span> <span class='ocrx_word' id='word_1_62' title='bbox 607 706 624 737; x_wconf 92' lang='lat' dir='ltr'>s.</span> <span class='ocrx_word' id='word_1_63' title='bbox 643 683 710 744; x_wconf 77' lang='lat' dir='ltr'>sedes</span> <span class='ocrx_word' id='word_1_64' title='bbox 726 694 901 753; x_wconf 86' lang='lat' dir='ltr'>prohibitionem</span> 
     </span>
     <span class='ocr_line' id='line_1_9' title="bbox 135 772 900 836; baseline 0.003 -20"><span class='ocrx_word' id='word_1_65' title='bbox 135 779 158 817; x_wconf 87' lang='lat' dir='ltr'>et</span> <span class='ocrx_word' id='word_1_66' title='bbox 173 772 384 836; x_wconf 58' lang='lat' dir='ltr'>condemnationem</span> <span class='ocrx_word' id='word_1_67' title='bbox 403 787 495 832; x_wconf 87' lang='lat' dir='ltr'>operum</span> <span class='ocrx_word' id='word_1_68' title='bbox 509 773 620 818; x_wconf 85' lang='lat' dir='ltr'>Hermesii</span> <span class='ocrx_word' id='word_1_69' title='bbox 638 774 770 832; x_wconf 76' lang='lat' dir='ltr'>publicarit,</span> <span class='ocrx_word' id='word_1_70' title='bbox 786 776 810 818; x_wconf 90' lang='lat' dir='ltr'>in</span> <span class='ocrx_word' id='word_1_71' title='bbox 828 787 900 833; x_wconf 82' lang='lat' dir='ltr'>eaque</span> 
     </span>
     <span class='ocr_line' id='line_1_10' title="bbox 134 852 903 916; baseline 0.004 -20"><span class='ocrx_word' id='word_1_72' title='bbox 134 852 196 916; x_wconf 80' lang='lat' dir='ltr'>iltius</span> <span class='ocrx_word' id='word_1_73' title='bbox 213 853 370 911; x_wconf 76' lang='lat' dir='ltr'>distinctionis,</span> <span class='ocrx_word' id='word_1_74' title='bbox 388 860 413 898; x_wconf 84' lang='lat' dir='ltr'>at</span> <span class='ocrx_word' id='word_1_75' title='bbox 428 867 487 912; x_wconf 85' lang='lat' dir='ltr'>qaae</span> <span class='ocrx_word' id='word_1_76' title='bbox 502 854 567 911; x_wconf 78' lang='lat' dir='ltr'>fiderit</span> <span class='ocrx_word' id='word_1_77' title='bbox 584 853 712 912; x_wconf 76' lang='lat' dir='ltr'>subrueret,</span> <span class='ocrx_word' id='word_1_78' title='bbox 728 855 808 899; x_wconf 78' lang='lat' dir='ltr'>creatio</span> <span class='ocrx_word' id='word_1_79' title='bbox 825 855 903 899; x_wconf 82' lang='lat' dir='ltr'>diser-</span> 
     </span>
     <span class='ocr_line' id='line_1_11' title="bbox 133 934 903 995; baseline 0.005 -18"><span class='ocrx_word' id='word_1_80' title='bbox 133 934 172 978; x_wconf 73' lang='grc'><strong>6166</strong></span> <span class='ocrx_word' id='word_1_81' title='bbox 188 934 252 991; x_wconf 76' lang='lat' dir='ltr'>facta</span> <span class='ocrx_word' id='word_1_82' title='bbox 270 939 317 991; x_wconf 82' lang='lat' dir='ltr'>est,</span> <span class='ocrx_word' id='word_1_83' title='bbox 339 934 440 979; x_wconf 85' lang='lat' dir='ltr'>nonnulli</span> <span class='ocrx_word' id='word_1_84' title='bbox 461 935 527 980; x_wconf 83' lang='lat' dir='ltr'>stulte</span> <span class='ocrx_word' id='word_1_85' title='bbox 545 936 629 994; x_wconf 87' lang='lat' dir='ltr'>opinati</span> <span class='ocrx_word' id='word_1_86' title='bbox 647 941 711 991; x_wconf 79' lang='lat' dir='ltr'>sunt,</span> <span class='ocrx_word' id='word_1_87' title='bbox 728 940 810 979; x_wconf 89' lang='lat' dir='ltr'>memet</span> <span class='ocrx_word' id='word_1_88' title='bbox 826 936 903 995; x_wconf 83' lang='lat' dir='ltr'>fuisse,</span> 
     </span>
     <span class='ocr_line' id='line_1_12' title="bbox 137 1014 904 1073; baseline 0.003 -14"><span class='ocrx_word' id='word_1_89' title='bbox 137 1015 175 1073; x_wconf 94' lang='lat' dir='ltr'>qui</span> <span class='ocrx_word' id='word_1_90' title='bbox 191 1028 210 1060; x_wconf 91' lang='lat' dir='ltr'>s.</span> <span class='ocrx_word' id='word_1_91' title='bbox 227 1015 314 1060; x_wconf 88' lang='lat' dir='ltr'>Patrem</span> <span class='ocrx_word' id='word_1_92' title='bbox 339 1015 368 1060; x_wconf 91' lang='lat' dir='ltr'>ad</span> <span class='ocrx_word' id='word_1_93' title='bbox 391 1014 577 1060; x_wconf 88' lang='lat' dir='ltr'>condemnandas</span> <span class='ocrx_word' id='word_1_94' title='bbox 601 1015 672 1060; x_wconf 85' lang='lat' dir='ltr'>libras</span> <span class='ocrx_word' id='word_1_95' title='bbox 689 1015 851 1060; x_wconf 84' lang='lat' dir='ltr'>Hermesianas</span> <span class='ocrx_word' id='word_1_96' title='bbox 866 1018 904 1061; x_wconf 91' lang='lat' dir='ltr'>in-</span> 
     </span>
     <span class='ocr_line' id='line_1_13' title="bbox 137 1086 366 1139; baseline -0.009 0"><span class='ocrx_word' id='word_1_97' title='bbox 137 1094 258 1139; x_wconf 58' lang='lat' dir='ltr'>duxisset.</span> <span class='ocrx_word' id='word_1_98' title='bbox 365 1086 366 1089; x_wconf 58' lang='grc'>’</span> 
     </span>
     <span class='ocr_line' id='line_1_14' title="bbox 106 1174 906 1234; baseline 0.001 -15"><span class='ocrx_word' id='word_1_99' title='bbox 106 1174 152 1220; x_wconf 83' lang='lat' dir='ltr'>iarn</span> <span class='ocrx_word' id='word_1_100' title='bbox 168 1175 221 1221; x_wconf 86' lang='lat' dir='ltr'>vide</span> <span class='ocrx_word' id='word_1_101' title='bbox 232 1175 286 1220; x_wconf 88' lang='lat' dir='ltr'>mihi</span> <span class='ocrx_word' id='word_1_102' title='bbox 298 1174 458 1234; x_wconf 83' lang='lat' dir='ltr'>lepidissimum</span> <span class='ocrx_word' id='word_1_103' title='bbox 470 1174 550 1233; x_wconf 86' lang='lat' dir='ltr'>caput!</span> <span class='ocrx_word' id='word_1_104' title='bbox 575 1174 657 1221; x_wconf 79' lang='lat' dir='ltr'>Scribit</span> <span class='ocrx_word' id='word_1_105' title='bbox 669 1175 789 1220; x_wconf 72' lang='lat' dir='ltr'>Petronius</span> <span class='ocrx_word' id='word_1_106' title='bbox 803 1175 906 1220; x_wconf 86' lang='lat' dir='ltr'>animad-</span> 
     </span>
     <span class='ocr_line' id='line_1_15' title="bbox 44 1239 905 1314; baseline -0.001 -12"><span class='ocrx_word' id='word_1_107' title='bbox 44 1239 173 1303; x_wconf 79' lang='lat' dir='ltr'>versionem</span> <span class='ocrx_word' id='word_1_108' title='bbox 190 1268 236 1301; x_wconf 87' lang='lat' dir='ltr'>non</span> <span class='ocrx_word' id='word_1_109' title='bbox 253 1255 343 1314; x_wconf 87' lang='lat' dir='ltr'>publico</span> <span class='ocrx_word' id='word_1_110' title='bbox 360 1256 484 1301; x_wconf 87' lang='lat' dir='ltr'>litterarum</span> <span class='ocrx_word' id='word_1_111' title='bbox 500 1256 647 1314; x_wconf 73' lang='lat' dir='ltr'>professore,</span> <span class='ocrx_word' id='word_1_112' title='bbox 669 1268 715 1300; x_wconf 87' lang='lat' dir='ltr'>uon</span> <span class='ocrx_word' id='word_1_113' title='bbox 732 1257 834 1302; x_wconf 88' lang='lat' dir='ltr'>studioso</span> <span class='ocrx_word' id='word_1_114' title='bbox 848 1257 905 1302; x_wconf 85' lang='lat' dir='ltr'>uttra</span> 
     </span>
     <span class='ocr_line' id='line_1_16' title="bbox 44 1335 905 1396; baseline 0.001 -16"><span class='ocrx_word' id='word_1_115' title='bbox 44 1336 222 1381; x_wconf 83' lang='lat' dir='ltr'>mediocritatem</span> <span class='ocrx_word' id='word_1_116' title='bbox 239 1337 342 1394; x_wconf 87' lang='lat' dir='ltr'>sapiente</span> <span class='ocrx_word' id='word_1_117' title='bbox 360 1336 458 1395; x_wconf 77' lang='lat' dir='ltr'>diguam,</span> <span class='ocrx_word' id='word_1_118' title='bbox 474 1336 516 1381; x_wconf 91' lang='lat' dir='ltr'>sed</span> <span class='ocrx_word' id='word_1_119' title='bbox 531 1336 613 1381; x_wconf 82' lang='lat' dir='ltr'>fatuam</span> <span class='ocrx_word' id='word_1_120' title='bbox 633 1335 674 1380; x_wconf 86' lang='lat' dir='ltr'>sed</span> <span class='ocrx_word' id='word_1_121' title='bbox 691 1339 788 1396; x_wconf 83' lang='lat' dir='ltr'>ineptam</span> <span class='ocrx_word' id='word_1_122' title='bbox 804 1339 845 1382; x_wconf 87' lang='lat' dir='ltr'>sed</span> <span class='ocrx_word' id='word_1_123' title='bbox 860 1338 905 1382; x_wconf 78' lang='lat' dir='ltr'>fal-</span> 
     </span>
     <span class='ocr_line' id='line_1_17' title="bbox 43 1415 905 1477; baseline 0.002 -15"><span class='ocrx_word' id='word_1_124' title='bbox 43 1431 99 1462; x_wconf 85' lang='lat' dir='ltr'>sam.</span> <span class='ocrx_word' id='word_1_125' title='bbox 133 1417 271 1463; x_wconf 88' lang='lat' dir='ltr'>Oscitantem</span> <span class='ocrx_word' id='word_1_126' title='bbox 289 1423 356 1477; x_wconf 90' lang='lat' dir='ltr'>atque</span> <span class='ocrx_word' id='word_1_127' title='bbox 371 1417 530 1462; x_wconf 85' lang='lat' dir='ltr'>dormitantem</span> <span class='ocrx_word' id='word_1_128' title='bbox 548 1415 679 1476; x_wconf 81' lang='lat' dir='ltr'>sapientiam</span> <span class='ocrx_word' id='word_1_129' title='bbox 699 1418 801 1463; x_wconf 88' lang='lat' dir='ltr'>Pcrronii</span> <span class='ocrx_word' id='word_1_130' title='bbox 820 1421 905 1464; x_wconf 73' lang='lat' dir='ltr'>excutit</span> 
     </span>
     <span class='ocr_line' id='line_1_18' title="bbox 43 1496 905 1554; baseline 0 -13"><span class='ocrx_word' id='word_1_131' title='bbox 43 1499 67 1541; x_wconf 88' lang='lat' dir='ltr'>in</span> <span class='ocrx_word' id='word_1_132' title='bbox 92 1497 149 1541; x_wconf 83' lang='lat' dir='ltr'>actis</span> <span class='ocrx_word' id='word_1_133' title='bbox 169 1496 325 1541; x_wconf 80' lang='lat' dir='ltr'>Hermtesiortts</span> <span class='ocrx_word' id='word_1_134' title='bbox 344 1496 498 1546; x_wconf 56' lang='lat' dir='ltr'>Elaenichius,</span> <span class='ocrx_word' id='word_1_135' title='bbox 514 1496 633 1554; x_wconf 86' lang='lat' dir='ltr'>ridentque</span> <span class='ocrx_word' id='word_1_136' title='bbox 655 1496 751 1541; x_wconf 86' lang='lat' dir='ltr'>Romani</span> <span class='ocrx_word' id='word_1_137' title='bbox 775 1497 905 1542; x_wconf 78' lang='lat' dir='ltr'>Petronium</span> 
     </span>
     <span class='ocr_line' id='line_1_19' title="bbox 44 1577 906 1638; baseline 0.003 -18"><span class='ocrx_word' id='word_1_138' title='bbox 44 1577 246 1636; x_wconf 82' lang='lat' dir='ltr'>Petronianamque</span> <span class='ocrx_word' id='word_1_139' title='bbox 270 1579 410 1638; x_wconf 84' lang='lat' dir='ltr'>sapientiam.</span> <span class='ocrx_word' id='word_1_140' title='bbox 442 1578 488 1622; x_wconf 87' lang='lat' dir='ltr'>lam</span> <span class='ocrx_word' id='word_1_141' title='bbox 514 1577 567 1636; x_wconf 89' lang='lat' dir='ltr'>quid</span> <span class='ocrx_word' id='word_1_142' title='bbox 588 1577 617 1622; x_wconf 92' lang='lat' dir='ltr'>ad</span> <span class='ocrx_word' id='word_1_143' title='bbox 633 1577 691 1621; x_wconf 88' lang='lat' dir='ltr'>haec</span> <span class='ocrx_word' id='word_1_144' title='bbox 707 1578 845 1623; x_wconf 69' lang='lat' dir='ltr'>Petronius?</span> <span class='ocrx_word' id='word_1_145' title='bbox 862 1579 906 1623; x_wconf 85' lang='grc'><strong>111-</strong></span> 
     </span>
     <span class='ocr_line' id='line_1_20' title="bbox 44 1658 907 1718; baseline 0.005 -17"><span class='ocrx_word' id='word_1_146' title='bbox 44 1663 105 1702; x_wconf 87' lang='lat' dir='ltr'>ratur</span> <span class='ocrx_word' id='word_1_147' title='bbox 123 1658 284 1705; x_wconf 86' lang='lat' dir='ltr'>Hermesianos</span> <span class='ocrx_word' id='word_1_148' title='bbox 305 1660 365 1704; x_wconf 84' lang='lat' dir='ltr'>iiiam</span> <span class='ocrx_word' id='word_1_149' title='bbox 382 1659 603 1704; x_wconf 62' lang='lat' dir='ltr'>animadversionem</span> <span class='ocrx_word' id='word_1_150' title='bbox 619 1661 689 1718; x_wconf 75' lang='lat' dir='ltr'>aegre</span> <span class='ocrx_word' id='word_1_151' title='bbox 706 1659 791 1712; x_wconf 77' lang='grc'><strong>1611666,</strong></span> <span class='ocrx_word' id='word_1_152' title='bbox 807 1662 907 1718; x_wconf 85' lang='lat' dir='ltr'>queritur</span> 
     </span>
     <span class='ocr_line' id='line_1_21' title="bbox 46 1738 909 1797; baseline 0.001 -14"><span class='ocrx_word' id='word_1_153' title='bbox 46 1739 380 1797; x_wconf 76' lang='grc'><strong>[6661666661116666616666</strong></span> <span class='ocrx_word' id='word_1_154' title='bbox 399 1740 514 1796; x_wconf 85' lang='lat' dir='ltr'>strepitum</span> <span class='ocrx_word' id='word_1_155' title='bbox 536 1739 651 1783; x_wconf 76' lang='lat' dir='ltr'>movisse!</span> <span class='ocrx_word' id='word_1_156' title='bbox 679 1738 769 1785; x_wconf 78' lang='lat' dir='ltr'>Scilicet</span> <span class='ocrx_word' id='word_1_157' title='bbox 790 1740 860 1784; x_wconf 84' lang='lat' dir='ltr'>tatere</span> <span class='ocrx_word' id='word_1_158' title='bbox 885 1742 909 1785; x_wconf 91' lang='lat' dir='ltr'>in</span> 
     </span>
     <span class='ocr_line' id='line_1_22' title="bbox 50 1819 908 1880; baseline 0.001 -16"><span class='ocrx_word' id='word_1_159' title='bbox 50 1819 138 1864; x_wconf 85' lang='lat' dir='ltr'>occulto</span> <span class='ocrx_word' id='word_1_160' title='bbox 155 1820 317 1868; x_wconf 67' lang='lat' dir='ltr'>natinatores</span> <span class='ocrx_word' id='word_1_161' title='bbox 340 1820 459 1879; x_wconf 84' lang='lat' dir='ltr'>famaeque</span> <span class='ocrx_word' id='word_1_162' title='bbox 477 1819 625 1880; x_wconf 86' lang='lat' dir='ltr'>praedatores</span> <span class='ocrx_word' id='word_1_163' title='bbox 643 1833 777 1879; x_wconf 86' lang='lat' dir='ltr'>omnemque</span> <span class='ocrx_word' id='word_1_164' title='bbox 792 1820 908 1879; x_wconf 80' lang='lat' dir='ltr'>strepitum</span> 
     </span>
     <span class='ocr_line' id='line_1_23' title="bbox 49 1899 911 1959; baseline 0.002 -16"><span class='ocrx_word' id='word_1_165' title='bbox 49 1900 127 1957; x_wconf 86' lang='lat' dir='ltr'>procul</span> <span class='ocrx_word' id='word_1_166' title='bbox 141 1903 223 1947; x_wconf 84' lang='lat' dir='ltr'>abesse</span> <span class='ocrx_word' id='word_1_167' title='bbox 240 1901 338 1959; x_wconf 89' lang='lat' dir='ltr'>cupiunt.</span> <span class='ocrx_word' id='word_1_168' title='bbox 371 1901 500 1954; x_wconf 78' lang='lat' dir='ltr'>Quaerere</span> <span class='ocrx_word' id='word_1_169' title='bbox 512 1899 709 1945; x_wconf 88' lang='lat' dir='ltr'>inPerroniiloco</span> <span class='ocrx_word' id='word_1_170' title='bbox 720 1901 748 1944; x_wconf 83' lang='grc'>16</span> <span class='ocrx_word' id='word_1_171' title='bbox 761 1900 856 1945; x_wconf 88' lang='lat' dir='ltr'>rationis</span> <span class='ocrx_word' id='word_1_172' title='bbox 874 1900 911 1945; x_wconf 87' lang='lat' dir='ltr'>di-</span> 
     </span>
     <span class='ocr_line' id='line_1_24' title="bbox 50 1978 909 2040; baseline 0.002 -17"><span class='ocrx_word' id='word_1_173' title='bbox 50 1980 362 2025; x_wconf 70' lang='grc'><strong>611661166616116661666666</strong></span> <span class='ocrx_word' id='word_1_174' title='bbox 378 1994 405 2025; x_wconf 92' lang='lat' dir='ltr'>ac</span> <span class='ocrx_word' id='word_1_175' title='bbox 414 1983 544 2039; x_wconf 79' lang='lat' dir='ltr'>practicam,</span> <span class='ocrx_word' id='word_1_176' title='bbox 559 1984 683 2040; x_wconf 88' lang='lat' dir='ltr'>seqmmtur</span> <span class='ocrx_word' id='word_1_177' title='bbox 699 1992 726 2022; x_wconf 90' lang='lat' dir='ltr'>ca</span> <span class='ocrx_word' id='word_1_178' title='bbox 741 1985 792 2024; x_wconf 87' lang='lat' dir='ltr'>sunt</span> <span class='ocrx_word' id='word_1_179' title='bbox 804 1978 909 2037; x_wconf 87' lang='lat' dir='ltr'>hominis,</span> 
     </span>
     <span class='ocr_line' id='line_1_25' title="bbox 49 2058 910 2118; baseline -0.002 -16"><span class='ocrx_word' id='word_1_180' title='bbox 49 2059 191 2118; x_wconf 89' lang='lat' dir='ltr'>impudentis.</span> <span class='ocrx_word' id='word_1_181' title='bbox 209 2058 272 2104; x_wconf 87' lang='lat' dir='ltr'>Haec</span> <span class='ocrx_word' id='word_1_182' title='bbox 284 2059 344 2103; x_wconf 89' lang='lat' dir='ltr'>enim</span> <span class='ocrx_word' id='word_1_183' title='bbox 355 2060 475 2105; x_wconf 80' lang='lat' dir='ltr'>Petronius</span> <span class='ocrx_word' id='word_1_184' title='bbox 483 2060 586 2105; x_wconf 84' lang='lat' dir='ltr'>scrihere</span> <span class='ocrx_word' id='word_1_185' title='bbox 596 2062 674 2118; x_wconf 78' lang='lat' dir='ltr'>potuit,</span> <span class='ocrx_word' id='word_1_186' title='bbox 698 2073 727 2105; x_wconf 89' lang='lat' dir='ltr'>ua</span> <span class='ocrx_word' id='word_1_187' title='bbox 737 2061 910 2116; x_wconf 65' lang='lat' dir='ltr'>temporis‘mo-.</span> 
     </span>
     <span class='ocr_line' id='line_1_26' title="bbox 51 2139 909 2198; baseline -0.001 -15"><span class='ocrx_word' id='word_1_188' title='bbox 51 2144 125 2185; x_wconf 87' lang='lat' dir='ltr'>mento</span> <span class='ocrx_word' id='word_1_189' title='bbox 142 2140 214 2185; x_wconf 85' lang='lat' dir='ltr'>Breve</span> <span class='ocrx_word' id='word_1_190' title='bbox 227 2140 250 2184; x_wconf 90' lang='lat' dir='ltr'>in</span> <span class='ocrx_word' id='word_1_191' title='bbox 259 2148 260 2151; x_wconf 76' lang='grc'>’</span> <span class='ocrx_word' id='word_1_192' title='bbox 268 2139 371 2184; x_wconf 87' lang='lat' dir='ltr'>manibus</span> <span class='ocrx_word' id='word_1_193' title='bbox 387 2140 490 2185; x_wconf 85' lang='lat' dir='ltr'>habuerit</span> <span class='ocrx_word' id='word_1_194' title='bbox 498 2154 595 2186; x_wconf 89' lang='lat' dir='ltr'>necesse</span> <span class='ocrx_word' id='word_1_195' title='bbox 606 2146 647 2198; x_wconf 83' lang='lat' dir='ltr'>est,</span> <span class='ocrx_word' id='word_1_196' title='bbox 663 2142 744 2198; x_wconf 84' lang='lat' dir='ltr'>quippe</span> <span class='ocrx_word' id='word_1_197' title='bbox 753 2140 790 2196; x_wconf 90' lang='lat' dir='ltr'>qui</span> <span class='ocrx_word' id='word_1_198' title='bbox 802 2139 909 2183; x_wconf 85' lang='lat' dir='ltr'>continuo</span> 
     </span>
     <span class='ocr_line' id='line_1_27' title="bbox 52 2218 909 2280; baseline -0.005 -15"><span class='ocrx_word' id='word_1_199' title='bbox 52 2221 99 2266; x_wconf 90' lang='lat' dir='ltr'>eius</span> <span class='ocrx_word' id='word_1_200' title='bbox 116 2224 270 2280; x_wconf 83' lang='lat' dir='ltr'>argumentum</span> <span class='ocrx_word' id='word_1_201' title='bbox 286 2220 472 2277; x_wconf 85' lang='lat' dir='ltr'>transscripserit,</span> <span class='ocrx_word' id='word_1_202' title='bbox 486 2219 544 2264; x_wconf 88' lang='lat' dir='ltr'>haec</span> <span class='ocrx_word' id='word_1_203' title='bbox 554 2220 675 2265; x_wconf 87' lang='lat' dir='ltr'>Perronius</span> <span class='ocrx_word' id='word_1_204' title='bbox 689 2220 767 2264; x_wconf 85' lang='lat' dir='ltr'>dicere</span> <span class='ocrx_word' id='word_1_205' title='bbox 783 2218 851 2262; x_wconf 90' lang='lat' dir='ltr'>audet</span> <span class='ocrx_word' id='word_1_206' title='bbox 865 2230 909 2262; x_wconf 83' lang='lat' dir='ltr'>eo-</span> 
     </span>
     <span class='ocr_line' id='line_1_28' title="bbox 51 2298 911 2358; baseline -0.005 -12"><span class='ocrx_word' id='word_1_207' title='bbox 51 2314 99 2346; x_wconf 88' lang='lat' dir='ltr'>ram</span> <span class='ocrx_word' id='word_1_208' title='bbox 115 2300 229 2357; x_wconf 83' lang='lat' dir='ltr'>Romanis,</span> <span class='ocrx_word' id='word_1_209' title='bbox 248 2299 285 2358; x_wconf 90' lang='lat' dir='ltr'>qui</span> <span class='ocrx_word' id='word_1_210' title='bbox 294 2298 367 2344; x_wconf 81' lang='lat' dir='ltr'>Breve</span> <span class='ocrx_word' id='word_1_211' title='bbox 381 2300 465 2358; x_wconf 29' lang='lat' dir='ltr'>quovis·</span> <span class='ocrx_word' id='word_1_212' title='bbox 476 2301 582 2358; x_wconf 89' lang='lat' dir='ltr'>temporis</span> <span class='ocrx_word' id='word_1_213' title='bbox 599 2305 712 2345; x_wconf 80' lang='lat' dir='ltr'>nronrento</span> <span class='ocrx_word' id='word_1_214' title='bbox 723 2299 835 2357; x_wconf 87' lang='lat' dir='ltr'>inspicere</span> <span class='ocrx_word' id='word_1_215' title='bbox 854 2310 911 2356; x_wconf 85' lang='lat' dir='ltr'>pas-</span> 
     </span>
     <span class='ocr_line' id='line_1_29' title="bbox 52 2377 910 2436; baseline -0.005 -10"><span class='ocrx_word' id='word_1_216' title='bbox 52 2381 137 2426; x_wconf 79' lang='lat' dir='ltr'>sunt‘ti</span> <span class='ocrx_word' id='word_1_217' title='bbox 165 2379 284 2425; x_wconf 87' lang='lat' dir='ltr'>Distinctio</span> <span class='ocrx_word' id='word_1_218' title='bbox 305 2378 400 2422; x_wconf 84' lang='lat' dir='ltr'>rationis</span> <span class='ocrx_word' id='word_1_219' title='bbox 415 2377 551 2423; x_wconf 74' lang='lat' dir='ltr'>theoreticae</span> <span class='ocrx_word' id='word_1_220' title='bbox 567 2384 589 2423; x_wconf 91' lang='lat' dir='ltr'>et</span> <span class='ocrx_word' id='word_1_221' title='bbox 602 2379 722 2436; x_wconf 75' lang='lat' dir='ltr'>practicae</span> <span class='ocrx_word' id='word_1_222' title='bbox 743 2390 818 2436; x_wconf 85' lang='lat' dir='ltr'>neque</span> <span class='ocrx_word' id='word_1_223' title='bbox 834 2377 910 2422; x_wconf 86' lang='lat' dir='ltr'>diser-</span> 
     </span>
     <span class='ocr_line' id='line_1_30' title="bbox 53 2457 911 2518; baseline -0.001 -15"><span class='ocrx_word' id='word_1_224' title='bbox 53 2459 91 2503; x_wconf 91' lang='lat' dir='ltr'>tim</span> <span class='ocrx_word' id='word_1_225' title='bbox 107 2472 181 2518; x_wconf 86' lang='lat' dir='ltr'>neque</span> <span class='ocrx_word' id='word_1_226' title='bbox 197 2459 265 2504; x_wconf 90' lang='lat' dir='ltr'>tacite</span> <span class='ocrx_word' id='word_1_227' title='bbox 275 2462 398 2503; x_wconf 80' lang='lat' dir='ltr'>marmorata</span> <span class='ocrx_word' id='word_1_228' title='bbox 415 2462 457 2514; x_wconf 74' lang='lat' dir='ltr'>est,</span> <span class='ocrx_word' id='word_1_229' title='bbox 474 2459 540 2503; x_wconf 89' lang='lat' dir='ltr'>immo</span> <span class='ocrx_word' id='word_1_230' title='bbox 557 2471 650 2517; x_wconf 88' lang='lat' dir='ltr'>prorsus</span> <span class='ocrx_word' id='word_1_231' title='bbox 665 2457 725 2502; x_wconf 87' lang='lat' dir='ltr'>nulla</span> <span class='ocrx_word' id='word_1_232' title='bbox 740 2457 789 2502; x_wconf 88' lang='lat' dir='ltr'>eius</span> <span class='ocrx_word' id='word_1_233' title='bbox 807 2457 830 2502; x_wconf 91' lang='lat' dir='ltr'>in</span> <span class='ocrx_word' id='word_1_234' title='bbox 844 2457 911 2502; x_wconf 82' lang='lat' dir='ltr'>Breri</span> 
     </span>
     <span class='ocr_line' id='line_1_31' title="bbox 52 2537 912 2597; baseline 0.001 -15"><span class='ocrx_word' id='word_1_235' title='bbox 52 2540 135 2584; x_wconf 87' lang='lat' dir='ltr'>mentio</span> <span class='ocrx_word' id='word_1_236' title='bbox 152 2538 224 2583; x_wconf 79' lang='lat' dir='ltr'>inest!</span> <span class='ocrx_word' id='word_1_237' title='bbox 249 2537 308 2584; x_wconf 85' lang='lat' dir='ltr'>Sane</span> <span class='ocrx_word' id='word_1_238' title='bbox 326 2538 346 2582; x_wconf 92' lang='lat' dir='ltr'>si</span> <span class='ocrx_word' id='word_1_239' title='bbox 363 2549 440 2582; x_wconf 84' lang='lat' dir='ltr'>veram</span> <span class='ocrx_word' id='word_1_240' title='bbox 456 2542 503 2594; x_wconf 84' lang='grc'><strong>661,</strong></span> <span class='ocrx_word' id='word_1_241' title='bbox 518 2537 579 2597; x_wconf 89' lang='lat' dir='ltr'>quod</span> <span class='ocrx_word' id='word_1_242' title='bbox 596 2538 689 2593; x_wconf 81' lang='lat' dir='ltr'>dicitur,</span> <span class='ocrx_word' id='word_1_243' title='bbox 709 2538 746 2595; x_wconf 86' lang='lat' dir='ltr'>qui</span> <span class='ocrx_word' id='word_1_244' title='bbox 759 2538 844 2597; x_wconf 87' lang='lat' dir='ltr'>aliquid</span> <span class='ocrx_word' id='word_1_245' title='bbox 860 2551 912 2583; x_wconf 85' lang='lat' dir='ltr'>esse</span> 
     </span>
     <span class='ocr_line' id='line_1_32' title="bbox 54 2615 911 2677; baseline 0 -16"><span class='ocrx_word' id='word_1_246' title='bbox 54 2615 235 2677; x_wconf 64' lang='lat' dir='ltr'>volit,&#39;0pc1·am</span> <span class='ocrx_word' id='word_1_247' title='bbox 250 2618 305 2663; x_wconf 89' lang='lat' dir='ltr'>dare</span> <span class='ocrx_word' id='word_1_248' title='bbox 322 2631 373 2663; x_wconf 88' lang='lat' dir='ltr'>eum</span> <span class='ocrx_word' id='word_1_249' title='bbox 391 2617 490 2675; x_wconf 86' lang='lat' dir='ltr'>debere,</span> <span class='ocrx_word' id='word_1_250' title='bbox 512 2622 537 2663; x_wconf 90' lang='lat' dir='ltr'>ut</span> <span class='ocrx_word' id='word_1_251' title='bbox 551 2623 620 2662; x_wconf 90' lang='lat' dir='ltr'>totum</span> <span class='ocrx_word' id='word_1_252' title='bbox 638 2618 661 2662; x_wconf 89' lang='lat' dir='ltr'>id</span> <span class='ocrx_word' id='word_1_253' title='bbox 679 2617 830 2675; x_wconf 70' lang='lat' dir='ltr'>adipiscatur,</span> <span class='ocrx_word' id='word_1_254' title='bbox 844 2631 911 2662; x_wconf 88' lang='lat' dir='ltr'>nemo</span> 
     </span>
     <span class='ocr_line' id='line_1_33' title="bbox 53 2696 910 2756; baseline -0.001 -14"><span class='ocrx_word' id='word_1_255' title='bbox 53 2698 98 2744; x_wconf 86' lang='lat' dir='ltr'>hoc</span> <span class='ocrx_word' id='word_1_256' title='bbox 119 2699 236 2746; x_wconf 86' lang='lat' dir='ltr'>consitium</span> <span class='ocrx_word' id='word_1_257' title='bbox 257 2697 344 2742; x_wconf 86' lang='lat' dir='ltr'>fidelius</span> <span class='ocrx_word' id='word_1_258' title='bbox 366 2702 457 2742; x_wconf 86' lang='lat' dir='ltr'>secutus</span> <span class='ocrx_word' id='word_1_259' title='bbox 479 2704 528 2754; x_wconf 83' lang='lat' dir='ltr'>est,</span> <span class='ocrx_word' id='word_1_260' title='bbox 550 2710 615 2756; x_wconf 91' lang='lat' dir='ltr'>quam</span> <span class='ocrx_word' id='word_1_261' title='bbox 638 2696 683 2742; x_wconf 89' lang='lat' dir='ltr'>hoc</span> <span class='ocrx_word' id='word_1_262' title='bbox 698 2697 774 2742; x_wconf 87' lang='lat' dir='ltr'>libello</span> <span class='ocrx_word' id='word_1_263' title='bbox 790 2698 910 2742; x_wconf 78' lang='lat' dir='ltr'>Petronius</span> 
     </span>
     <span class='ocr_line' id='line_1_34' title="bbox 54 2775 911 2835; baseline 0 -15"><span class='ocrx_word' id='word_1_264' title='bbox 54 2777 114 2824; x_wconf 76' lang='lat' dir='ltr'>fecit..</span> <span class='ocrx_word' id='word_1_265' title='bbox 147 2778 247 2824; x_wconf 83' lang='lat' dir='ltr'>Achilles</span> <span class='ocrx_word' id='word_1_266' title='bbox 270 2788 315 2820; x_wconf 91' lang='lat' dir='ltr'>uno</span> <span class='ocrx_word' id='word_1_267' title='bbox 331 2780 416 2821; x_wconf 89' lang='lat' dir='ltr'>tantum</span> <span class='ocrx_word' id='word_1_268' title='bbox 433 2776 499 2833; x_wconf 88' lang='grc'><strong>1666,</strong></span> <span class='ocrx_word' id='word_1_269' title='bbox 516 2777 538 2821; x_wconf 93' lang='lat' dir='ltr'>in</span> <span class='ocrx_word' id='word_1_270' title='bbox 556 2775 626 2830; x_wconf 83' lang='lat' dir='ltr'>calce,</span> <span class='ocrx_word' id='word_1_271' title='bbox 638 2776 755 2821; x_wconf 66' lang='lat' dir='ltr'>,vulnerari</span> <span class='ocrx_word' id='word_1_272' title='bbox 772 2776 851 2835; x_wconf 78' lang='lat' dir='ltr'>potuit,</span> <span class='ocrx_word' id='word_1_273' title='bbox 869 2776 911 2821; x_wconf 87' lang='lat' dir='ltr'>sed</span> 
     </span>
     <span class='ocr_line' id='line_1_35' title="bbox 54 2854 909 2917; baseline -0.002 -15"><span class='ocrx_word' id='word_1_274' title='bbox 54 2857 174 2906; x_wconf 87' lang='lat' dir='ltr'>Perranius</span> <span class='ocrx_word' id='word_1_275' title='bbox 190 2872 240 2902; x_wconf 81' lang='lat' dir='ltr'>earn</span> <span class='ocrx_word' id='word_1_276' title='bbox 254 2857 374 2901; x_wconf 89' lang='lat' dir='ltr'>stationem</span> <span class='ocrx_word' id='word_1_277' title='bbox 389 2858 517 2914; x_wconf 82' lang='lat' dir='ltr'>occupavit,</span> <span class='ocrx_word' id='word_1_278' title='bbox 536 2860 560 2900; x_wconf 86' lang='lat' dir='ltr'>ut</span> <span class='ocrx_word' id='word_1_279' title='bbox 575 2854 632 2917; x_wconf 76' lang='lat' dir='ltr'>nihilv</span> <span class='ocrx_word' id='word_1_280' title='bbox 644 2855 667 2899; x_wconf 90' lang='lat' dir='ltr'>in</span> <span class='ocrx_word' id='word_1_281' title='bbox 683 2868 710 2900; x_wconf 89' lang='grc'>66</span> <span class='ocrx_word' id='word_1_282' title='bbox 729 2855 837 2913; x_wconf 79' lang='lat' dir='ltr'>detegere</span> <span class='ocrx_word' id='word_1_283' title='bbox 851 2869 909 2914; x_wconf 86' lang='lat' dir='ltr'>pos-</span> 
     </span>
     <span class='ocr_line' id='line_1_36' title="bbox 56 2933 913 2997; baseline -0.001 -15"><span class='ocrx_word' id='word_1_284' title='bbox 56 2940 95 2995; x_wconf 87' lang='lat' dir='ltr'>sis,</span> <span class='ocrx_word' id='word_1_285' title='bbox 110 2942 148 2986; x_wconf 83' lang='lat' dir='ltr'>ubi</span> <span class='ocrx_word' id='word_1_286' title='bbox 162 2956 175 2986; x_wconf 88' lang='lat' dir='ltr'>a</span> <span class='ocrx_word' id='word_1_287' title='bbox 187 2941 281 2986; x_wconf 80' lang='lat' dir='ltr'>veritate</span> <span class='ocrx_word' id='word_1_288' title='bbox 294 2938 357 2997; x_wconf 79' lang='lat' dir='ltr'>tangi</span> <span class='ocrx_word' id='word_1_289' title='bbox 371 2942 445 2995; x_wconf 90' lang='lat' dir='ltr'>queat.</span> <span class='ocrx_word' id='word_1_290' title='bbox 471 2937 517 2983; x_wconf 88' lang='lat' dir='ltr'>Sed</span> <span class='ocrx_word' id='word_1_291' title='bbox 528 2936 589 2981; x_wconf 87' lang='lat' dir='ltr'>hunc</span> <span class='ocrx_word' id='word_1_292' title='bbox 600 2933 709 2979; x_wconf 81' lang='lat' dir='ltr'>Achillem</span> <span class='ocrx_word' id='word_1_293' title='bbox 726 2933 839 2980; x_wconf 86' lang='lat' dir='ltr'>mendacii</span> <span class='ocrx_word' id='word_1_294' title='bbox 854 2939 913 2993; x_wconf 92' lang='lat' dir='ltr'>pau-</span> 
     </span>
     <span class='ocr_line' id='line_1_37' title="bbox 55 3013 896 3078; baseline -0.001 -16"><span class='ocrx_word' id='word_1_295' title='bbox 55 3016 123 3077; x_wconf 88' lang='lat' dir='ltr'>lisper</span> <span class='ocrx_word' id='word_1_296' title='bbox 139 3020 292 3078; x_wconf 77' lang='lat' dir='ltr'>relinquimus⁷</span> <span class='ocrx_word' id='word_1_297' title='bbox 307 3021 332 3061; x_wconf 90' lang='lat' dir='ltr'>ut</span> <span class='ocrx_word' id='word_1_298' title='bbox 348 3016 445 3061; x_wconf 88' lang='lat' dir='ltr'>animum</span> <span class='ocrx_word' id='word_1_299' title='bbox 461 3016 490 3062; x_wconf 88' lang='lat' dir='ltr'>ad</span> <span class='ocrx_word' id='word_1_300' title='bbox 506 3013 729 3062; x_wconf 86' lang='lat' dir='ltr'>Windischmanuum</span> <span class='ocrx_word' id='word_1_301' title='bbox 744 3014 896 3063; x_wconf 77' lang='lat' dir='ltr'>advertamus.</span> 
     </span>
    </p>
   </div>
   <div class='ocr_carea' id='block_1_3' title="bbox 0 0 1012 3399">
    <p class='ocr_par' dir='ltr' id='par_1_3' title="bbox 0 0 1012 3399">
     <span class='ocr_line' id='line_1_38' title="bbox 0 0 1012 3399; baseline 0 0"><span class='ocrx_word' id='word_1_302' title='bbox 0 0 1012 3399; x_wconf 95' lang='lat' dir='ltr'> </span> 
     </span>
    </p>
   </div>
  </div>
 </body>
</html>
