1979 3399
38 324 184 374 Hermeslas
201 337 235 370 eae
254 321 374 377 ,Petronii
398 325 522 380 sententie
537 334 615 382 parus
633 325 709 382 putus
725 318 862 381 Seeplleus
876 344 907 355 -

104 403 371 465 Pei-romasvapauas
382 429 413 437 —
430 407 484 450 etus
502 408 609 464 peceato
625 409 650 450 ot
666 402 802 450 aaeirdueie.
812 428 842 434 —
859 399 907 449 Se-

105 493 200 535 erutem
216 485 307 532 irridet
323 489 348 530 et
364 484 476 542 dunrnut,
494 484 593 530 damnat
603 483 768 531 Dureau-sliam
786 482 907 542 eollepom

102 581 187 626 suana,
212 564 310 610 damnet
330 561 489 630 Buttuontupa
505 563 533 610 S.
552 562 646 610 Polutti
668 563 810 625 Apostoliet
830 565 906 623 mopt-

102 651 189 703 stram,
207 643 306 690 diirranut
313 641 477 704 Praepositae
494 645 625 701 societatis
636 642 701 690 lesu.
722 641 906 690 lltllermesiue

102 726 237 784 damnetur,
254 724 400 771 damnantur
416 726 510 785 eprepii
526 726 613 786 quique
631 722 749 785 'l'lreolopi
765 723 890 770 catholici.

29 871 36 876 ν
101 846 201 893 Eosdem
216 846 294 903 locos,
312 859 369 905 qum
387 859 454 905 supra
472 859 501 890 ex
516 846 634 891 llermosio
651 846 777 902 attulimus,
802 845 904 903 aliosque

39 927 169 972 consimiles
183 927 304 972 Petronius
321 926 344 971 in
361 924 562 984 premoridibns:
583 924 668 970 Atinati
686 918 742 970 delle
757 925 847 970 solome
864 939 904 969 ae·
963 954 966 958 ι

39 1008 75 1066 lip.
98 1007 143 1053 Vol.
155 1009 178 1054 9.
197 994 308 1055 llros2l.
326 1021 355 1052 eo
371 1009 450 1064 vertit,
468 1011 492 1051 ut
509 1006 608 1064 elbeiat,
625 1006 796 1053 llermesianam
814 1006 905 1051 dubila-

37 1089 121 1132 tionem
138 1101 185 1133 non
202 1101 254 1133 esse
271 1087 461 1146 „luypotltetieonm
485 1086 649 1142 pretiositatem,
672 1088 846 1146 seientifieom‘t,
863 1087 905 1132 sed

38 1169 152 1213 contrario
169 1166 238 1212 modo
257 1167 373 1224 allectam,
397 1166 421 1211 id
438 1171 485 1224 est,
509 1166 698 1225 quemadmodum
720 1167 757 1213 ille
781 1167 835 1213 dieit
851 1180 903 1226 pag.

37 1248 92 1306 396,
110 1262 209 1306 „resona
226 1247 323 1306 serium,
338 1247 464 1305 positivam
471 1282 479 1304 ,
494 1248 655 1303 monadicum,
673 1248 840 1303 attinersolem,
857 1248 904 1293 illi-

37 1328 138 1373 naitotum
155 1328 183 1372 do
199 1329 259 1372 oriani
277 1329 371 1373 veritate
390 1329 457 1373 etiam
472 1327 606 1387 primitivat‘
645 1329 695 1373 Non
713 1328 792 1373 attinet
813 1328 851 1373 bie
867 1327 904 1372 di-

36 1408 142 1467 ligentius
159 1408 290 1467 inquirere,
316 1422 360 1466 quo
378 1408 426 1453 iure
445 1421 519 1466 quoue
532 1420 602 1453 sensu
618 1413 745 1465 postremas
764 1406 900 1452 denomina-

35 1488 108 1532 tiones
131 1500 209 1533 ornnes
235 1499 350 1546 opponere
368 1489 436 1533 liceat
453 1489 565 1546 prloribus
588 1513 619 1522 -
640 1501 692 1532 raam
710 1486 800 1532 dillieile
820 1492 856 1532 est
870 1486 900 1532 ad

35 1567 213 1627 intelligendum,
232 1581 272 1612 eur
289 1568 413 1613 seientiliea
430 1567 538 1612 dubitatio
556 1580 603 1611 non
621 1569 692 1625 possit
709 1566 816 1626 appellari
832 1565 901 1610 lbeo-

34 1646 123 1702 retica,
147 1652 184 1691 aut
201 1647 224 1690 in
240 1659 281 1691 suo
297 1659 384 1704 genere
402 1660 456 1691 aera
475 1652 497 1691 et
515 1647 590 1702 seria,
615 1659 656 1690 eur
672 1645 762 1690 (lirinum
779 1648 900 1706 positivum

35 1740 62 1771 ea
78 1720 252 1786 significatione,
271 1741 328 1787 quae
345 1742 358 1773 a
376 1728 497 1786 nonnullis,
516 1728 585 1774 veluti
604 1726 772 1783 aDmouskio,
789 1726 899 1785 Perierat,

34 1806 136 1866 collega,
147 1807 250 1852 statuitur
265 1812 293 1864 ¹),
309 1809 443 1853 necessario
462 1808 600 1854 incursatio
617 1806 837 1866 reprehensionem,
863 1813 901 1854 aut

35 1902 76 1932 eur
92 1888 283 1946 dubitatio,'quae
300 1889 328 1934 ad
346 1889 429 1948 primas
446 1891 567 1946 veritates,
585 1888 614 1933 ad
629 1887 701 1946 prima
717 1888 828 1947 principia
845 1902 901 1948 per-

34 1969 90 2013 tinet
107 1968 205 2027 ideoque
221 1970 328 2027 implicite
344 1971 410 2014 etiam
428 1970 456 2015 ad
474 1970 588 2016 derivatas
601 1979 680 2015 omnes
690 1967 797 2012 veritates
815 1974 899 2013 exten-

2 2070 4 2072 *
35 2047 106 2104 ditur,
124 2047 183 2092 liano
199 2061 266 2093 mmm
283 2049 312 2094 ob
331 2062 421 2094 eausam
438 2049 526 2095 desinet
542 2062 593 2094 esse
611 2049 736 2094 scientifica
753 2053 819 2106 atque
837 2050 897 2093 illico

34 2127 155 2184 vituperari
172 2126 262 2182 debeat,
280 2154 311 2161 -
332 2127 367 2172 bis
383 2114 451 2186 igilur
467 2129 542 2173 missis
559 2127 582 2172 id
597 2141 665 2172 uinum
683 2126 835 2185 quaerendum
854 2134 897 2185 est,

33 2218 85 2250 num
102 2205 222 2251 Perronins
241 2208 349 2265 eaie'erit,
365 2208 425 2267 qrrod
444 2214 505 2254 eerte
521 2208 592 2254 voluit
607 2208 747 2267 persuadere
764 2209 897 2266 lectoribus,

33 2285 174 2330 llerrnesium
187 2284 256 2330 firisse
274 2299 353 2331 oerum
370 2301 397 2332 ae
408 2300 492 2344 purum
507 2293 587 2345 paulatus
597 2288 730 2346 Sceptiana.
747 2288 831 2347 Ecquis
845 2294 898 2334 tana-

34 2364 85 2409 dem
101 2369 136 2410 est
151 2364 278 2410 lnriusmodi
295 2367 426 2425 seeptieus‘?
456 2367 533 2413 Utrum
551 2369 577 2424 is,
594 2368 631 2428 qui
651 2368 739 2413 doctam
757 2369 898 2428 disquisitio-

2 2495 4 2500 ·
33 2458 84 2488 nem
99 2446 218 2489 instituens
236 2445 387 2492 dubitationes
404 2447 441 2492 rel
457 2448 484 2493 ab
502 2450 552 2508 ipso
570 2450 665 2494 iniectas
682 2449 719 2494 rel
739 2448 827 2493 aliunde
845 2449 897 2493 illa-

33 2526 68 2567 tas
80 2525 147 2567 etiam
161 2523 228 2567 soluit
246 2537 273 2568 ae
290 2525 359 2584 diluit,
377 2540 405 2571 an
416 2527 443 2585 is,
460 2529 497 2587 qui
514 2541 561 2574 non
580 2529 664 2574 solutas
680 2529 804 2588 relinquit?
820 2530 896 2575 Utrum

22 2603 60 2670 is,
77 2602 114 2661 quii
129 2604 292 2660 perscrutando
309 2606 460 2667 labyrinthum
479 2609 640 2655 dubitationum
656 2610 722 2655 etiam
738 2608 828 2654 felicem
843 2611 896 2654 exi-

34 2685 78 2725 tum
94 2681 173 2739 babet,
196 2681 269 2728 idest
286 2685 315 2730 ad
336 2689 508 2746 persuasionem
526 2695 548 2736 et
563 2690 630 2735 fidem
648 2690 766 2735 adducitur
783 2691 806 2734 in
824 2702 895 2748 eaque

34 2760 77 2804 iam
93 2762 186 2807 mirifice
204 2762 357 2811 eorafirnratum
377 2779 403 2811 se
420 2769 500 2826 sentit,
517 2783 545 2814 an
563 2769 600 2825 is,
617 2769 654 2828 quii
671 2770 694 2813 in
712 2768 894 2825 dubitationibus,

38 2877 219 2887 ——-r.„.—„—,..

76 2940 95 2990 1)
110 2943 161 2979 Vide
171 2944 426 2986 Dinowsldiinstitutiones
442 2950 648 3003 pliilosophicasVol.
658 2951 672 2985 l.
688 2961 731 2999 pag.
742 2948 780 2992 Sl,
793 2947 829 2983 ubi
845 2948 896 2986 irasc

113 3010 220 3060 leguntur:
242 3015 338 3059 „Animus
359 3016 384 3052 de
402 3019 472 3071 aliquo
489 3033 509 3058 re
526 3021 602 3059 dubius
619 3021 702 3065 lineret,
723 3018 770 3055 dnm
785 3032 822 3069 pro
839 3026 896 3057 ntra·

114 3093 153 3129 que
167 3085 333 3122 contradictionis
347 3095 406 3138 parte
426 3092 502 3131 solidas
515 3105 559 3132 esse
572 3093 660 3132 rationes
675 3081 793 3142 cvgssttsssssti
817 3097 838 3129 θῑ
857 3091 895 3130 1¹⁰⁰

113 3157 142 3187 est
157 3152 240 3193 dubium
253 3157 386 3209 positivum-‘⁶
