1979 3399
405 93 442 101 -
481 69 547 118 328.
574 95 608 101 -

76 207 204 255 catholicae
220 222 271 255 esse
288 209 423 256 contrarias.
455 211 510 256 'lota
527 209 585 255 haee
601 220 640 255 res
658 208 713 254 tanti
729 210 894 268 616166611661,
908 216 933 256 61

77 291 197 338 Petronius
215 304 265 336 eam
282 304 461 338 conmemorare
478 294 569 338 omnino
587 291 695 337 debuerit.
741 291 932 345 Quarationeid
954 330 957 334 ,

79 373 167 432 fecerit,
185 372 314 418 uideanms:
335 408 338 413 .
702 418 704 420 .

171 454 251 512 „Brevi
268 459 368 513 ternpore
386 469 427 501 ser
443 460 557 515 septemve
574 465 603 499 ex
620 453 738 499 Germania
757 452 785 497 ad
804 465 932 512 meperre-

171 541 264 595 nerunt,
288 536 602 596 66616616116616161161616
620 540 746 601 repeteret⁷
769 525 792 579 ul
809 534 845 592 qui
864 546 931 578 unum

172 617 267 678 legisset
284 617 361 662 dicere
378 624 463 677 posset,
480 630 531 663 sese
548 617 623 663 omnia
640 616 745 676 legisse«
797 651 799 653 .

93 712 94 715 ¹
137 698 215 758 ltaque
243 713 356 758 responsu
384 700 412 745 de
434 700 534 745 thesibus
559 698 732 744 Coloniensibus
758 696 803 742 lata
827 700 931 742 accurate

79 781 229 839 consentiunt⁷
246 787 312 840 atque
323 781 369 827 hoc
385 782 434 840 ipsu
447 795 474 826 66
486 781 636 827 commendari
649 785 721 839 putes,
736 779 765 831 nri
775 778 859 824 lector!
876 779 930 824 Nam

79 867 217 921 quantopere
235 863 356 908 consensio
373 862 486 908 ccclesiae
504 862 630 908 catholicae
650 862 673 906 in
690 860 798 905 doctrinis
815 861 861 905 suis
876 873 930 918 prae

74 942 123 987 aliis
147 942 329 989 confessionibus
352 944 375 988 in
393 943 474 994 iisdem
492 943 559 988 rebus
575 956 621 988 non
639 942 833 987 consentientibus
849 941 931 993 laudm

75 1024 123 1080 turi
148 1023 193 1070 Sed
208 1024 351 1070 nihilominus
368 1024 427 1081 haec
441 1027 562 1070 consensio
572 1036 739 1083 responsorum
750 1023 855 1068 Perronii-
866 1021 931 1080 plau-

77 1117 125 1149 sum
141 1117 187 1149 non
202 1105 257 1150 tulit.
295 1107 352 1151 Num
372 1106 490 1163 tulissent,
509 1105 528 1150 si
544 1118 591 1149 non
608 1105 783 1151 eonsenurem‘?
814 1104 850 1149 Ah
874 1116 930 1163 quos

76 1185 187 1231 clamores
200 1221 202 1224 .
214 1185 333 1231 Perrcnius
354 1192 400 1231 tum
422 1186 519 1231 ederet?
549 1186 584 1231 En
599 1187 695 1244 hahetis⁷
711 1186 748 1231 ille
763 1199 821 1231 voce
838 1185 930 1231 Orlandi

75 1265 155 1310 furiosi
170 1265 193 1309 in
210 1266 529 1312 salubus·Roncevallensibus
545 1267 667 1311 resultante
682 1267 846 1312 vociferaturus
863 1270 930 1322 66661,

75 1344 181 1391 haeresin
197 1346 383 1391 Hennesianaml
415 1345 448 1390 Ea
465 1346 549 1390 erroris
565 1351 645 1391 natura
661 1351 711 1402 661,
728 1351 752 1391 61
766 1347 813 1405 1666
830 1347 873 1392 sibi
890 1360 930 1391 re-

76 1427 172 1486 pugnet!
205 1426 263 1481 Quid
288 1427 337 1472 aliis
353 1427 420 1472 etiam
436 1427 646 1485 argumentis-opus
664 1427 716 1472 est‘?
748 1424 910 1487 Crucihgatur!

135 1506 213 1552 Novus
235 1507 254 1551 is
272 1506 331 1551 foret
349 1519 419 1565 equus
436 1506 545 1555 Troianus
563 1505 931 1552 11166166161166666166661116-
986 1552 988 1559 ,

75 1593 119 1646 166,
136 1589 160 1632 16
176 1588 236 1633 11666
252 1587 307 1632 11661
322 1588 453 1641 altissimum
464 1588 585 1632 Petronius
602 1600 686 1632 summa
702 1587 725 1631 vi
744 1588 846 1632 enisurus
862 1591 930 1643 esset⁷

75 1682 102 1713 66
118 1668 177 1714 66116
193 1668 256 1726 iuris,
272 1669 332 1714 nulla
349 1669 481 1727 aequitatis,
496 1666 556 1713 nulla
570 1668 663 1726 pudoris
678 1669 736 1714 ratio
754 1681 803 1713 eum
819 1666 872 1712 inde
888 1667 931 1712 de-

75 1750 159 1807 pellere
174 1754 268 1806 posset,
294 1748 680 1807 (166666666166666116166616
704 1761 774 1807 usque
791 1748 820 1793 ad
837 1753 930 1792 mortem

76 1830 99 1873 in
116 1843 195 1889 gyrum
213 1830 305 1887 egisset.
338 1830 402 1875 Nune
418 1841 473 1873 vero
492 1843 538 1874 nun
562 1831 592 1875 ita
609 1836 657 1887 est,
670 1844 707 1874 ‘ac
724 1831 792 1873 miser
811 1829 930 1873 Perrcnius

75 1921 133 1967 equo
152 1909 195 1953 istc
211 1920 257 1952 non
273 1907 367 1963 uehitur,
383 1907 424 1952 sed
437 1908 531 1966 pedibus
548 1909 595 1953 suis
612 1908 681 1952 currit
697 1912 719 1951 et
735 1908 821 1967 laqueis
833 1921 885 1952 sese
897 1909 930 1952 ir-

75 1990 145 2045 retit,
164 2000 221 2046 quos
237 1987 285 2045 ipse
302 1988 418 2045 disposuit.
450 1988 531 2033 Nonne
543 1989 603 2032 enim
616 1987 654 2031 hie
669 1988 717 2045 ipse
735 1988 808 2039 denuc
828 2001 879 2033 sese
898 1988 931 2032 ir-

74 2068 165 2124 retivit,
191 2064 388 2125 corriperem
408 2069 566 2126 contemptim,
584 2072 646 2112 tanta
664 2066 805 2112 cuv-illatione
826 2069 855 2113 dc
872 2082 930 2114 con-

75 2147 183 2192 sensione
208 2159 368 2204 responsorum
399 2147 427 2191 de
451 2146 551 2191 thesibus
573 2147 668 2192 latorum
695 2147 805 2207 loquitur,
826 2149 930 2208 idemque

75 2227 249 2272 consensionem
273 2239 433 2284 responsorum
456 2226 484 2272 de
507 2226 640 2285 Hennesio,
664 2241 721 2287 quae
745 2228 837 2274 Romam
862 2231 930 2274 inissa

77 2313 145 2365 6661,
163 2312 267 2364 tanquam
286 2312 439 2365 argumentum
462 2308 563 2352 veritatis
579 2321 657 2352 eorum
673 2322 740 2367 supra
757 2322 778 2366 p.
796 2308 825 2353 96
843 2322 930 2367 propc-

78 2388 128 2431 nit‘?
155 2386 173 2430 O
191 2398 258 2430 serre
273 2399 377 2443 nequam,
394 2401 423 2431 ex
440 2400 480 2431 ore
498 2391 535 2431 tuo
552 2392 574 2431 te
591 2388 674 2433 iudico.

171 2466 345 2524 „Argmnentum
360 2468 457 2510 maxime
478 2469 670 2525 speciosorumque
687 2467 811 2512 adversarii
827 2470 931 2526 nituntur,

169 2551 194 2592 61
210 2545 397 2604 subscriptionem
410 2544 564 2604 duodeuiginti
574 2546 670 2592 thesium
682 2554 794 2606 recusent,
807 2548 932 2593 111666661-

168 2633 229 2687 ptum
246 2632 295 2685 661,
313 2627 373 2686 quod
389 2640 436 2672 nou
452 2627 521 2671 licere
537 2628 664 2686 particulari
681 2629 787 2687 episcopo
805 2630 890 2687 dieunt,
907 2635 931 2674 61

170 2709 223 2753 fidei
240 2708 357 2754 formulam
374 2709 393 2754 is
409 2712 528 2768 proponat,
549 2722 591 2767 qua
609 2710 749 2754 conscientia
767 2710 899 2769 obligeturl.

77 2787 126 2833 Hoc
143 2788 203 2833 idem
219 2789 338 2833 Perronius
354 2789 503 2848 scripsitque
520 2801 586 2847 supra
603 2790 669 2835 nohis
685 2790 796 2848 narravit,
813 2792 850 2849 qui
864 2804 931 2836 unum

77 2881 106 2912 ex
124 2870 241 2927 responsis
259 2867 287 2913 de
304 2868 404 2913 thesibus
421 2868 591 2915 Coloniensihus
607 2870 708 2930 legisset,
726 2871 800 2915 omnia
815 2870 905 2930 legisse.

139 2948 201 2993 Haec
225 2949 340 2993 consessio
363 2949 501 2994 Perrcniana
525 2949 593 3008 facit,
619 2957 644 2996 ut
663 2950 750 2996 facilius
767 2950 842 2995 locum
863 2951 931 2997 modo

78 3028 265 3076 communicatum
281 3029 397 3088 corrigere
414 3030 533 3087 possimus.
573 3031 627 3076 llam
651 3029 670 3078 si
687 3042 768 3075 causes
790 3032 930 3089 exponimus,

80 3119 122 3151 cur
137 3120 204 3151 uirum
227 3121 360 3168 responsum
387 3110 573 3168 subscriptionem
597 3111 696 3157 thesibus
720 3112 854 3171 denegatam
869 3113 931 3170 velit,

78 3187 177 3232 omnium
202 3201 282 3234 causas
307 3192 457 3249 exposuimus.
496 3190 541 3236 lam
567 3205 699 3252 responsum
723 3194 858 3240 Darmstadii
884 3194 931 3240 La-
