1979 3399
377 87 577 136 -om-

54 223 102 269 ullo
120 222 218 283 homine,
236 225 273 283 qui
288 238 343 271 sana
360 230 434 271 mente
450 227 487 283 sit,
504 227 540 284 qui
556 227 634 286 lagare
649 225 722 284 possit
736 225 796 285 quod
815 225 915 272 clarissi-

52 305 95 350 mis
111 305 187 369 perbis
201 306 306 365 scriptum
323 313 365 363 est,
381 308 462 365 quique
479 307 574 366 aliquam
591 307 734 352 innocentiae
756 308 908 351 reverentiam

52 386 136 430 habeat
150 385 257 445 postulari
268 388 351 446 possit,
363 393 387 432 ut
401 388 501 446 quisquis
518 392 552 431 est
570 388 705 432 contrarium
722 386 812 445 publice
831 386 911 431 decla-

52 468 104 523 ret,
119 470 146 531 ut
158 468 293 512 contrarium
311 469 440 527 profiteatur
458 481 604 525 eorumquae
620 468 642 513 in
658 469 743 513 drrabus
759 468 810 513 libri
830 467 914 513 editio-

52 545 125 602 nibus,
142 544 237 590 millibus
255 547 406 606 exemplorum
424 545 597 591 introductionis
615 547 783 609 philosophicae
800 551 910 607 impressa

52 627 165 685 leguntur,
178 639 236 685 quae
250 628 273 671 in
284 632 316 672 tot
328 628 442 673 hominum
454 640 532 672 manus
550 632 576 672 et
587 630 688 674 notitiam
701 635 818 686 uerterunt,
837 643 910 689 quae-

53 719 96 766 que
113 706 142 750 ad
158 707 295 764 posteritatis
310 708 412 753 notitiam
429 712 565 766 perventura
582 713 640 752 sunt.

116 786 277 846 Quemcunque
293 786 367 832 locum
380 802 409 832 ex
420 787 482 832 libris
497 786 544 831 eius
556 786 684 845 inspexero,
701 788 782 846 ubique
793 788 829 833 his
839 801 908 846 prae«

53 867 123 924 ceptis
138 867 209 926 ipsura
227 881 292 927 quam
312 867 455 913 exactissime
466 867 560 925 obsequi
571 867 647 924 uideo,
661 867 728 912 video
740 869 811 926 ipsum
826 869 909 928 ubique

56 960 160 1007 pugnare
171 948 280 993 adversus
295 961 344 1005 eos,
361 949 398 1006 qui
415 948 437 991 in
449 960 476 991 ea
487 951 597 1005 peccant;
614 948 756 994 nihilominus
774 961 816 1008 ego
833 949 912 994 decla-

53 1041 108 1085 rem,
122 1041 168 1073 nou
187 1028 277 1086 adesse,
294 1029 354 1088 quod
368 1033 443 1073 tamen
460 1028 536 1072 verbis
552 1026 675 1074 manifestis
692 1030 824 1089 impressum
842 1030 908 1089 lego!

53 1108 76 1156 Si
91 1107 213 1167 postulent,
229 1113 254 1154 ut
269 1109 396 1154 sententiae
418 1108 446 1154 de
465 1108 559 1154 Galileio
577 1108 636 1153 latae
652 1110 801 1166 subscribam,
816 1115 841 1154 ut
855 1111 911 1155 suh-

52 1190 158 1249 scribam,
174 1195 257 1235 terram
272 1192 386 1236 immotam
403 1194 471 1246 stare,
487 1189 558 1234 solem
569 1189 669 1247 quotidie
685 1189 746 1233 circa
761 1195 843 1236 terram
859 1205 911 1237 mo-

53 1272 117 1317 veri:
133 1271 153 1317 si
168 1269 297 1329 postulent,
314 1273 338 1315 ul
353 1270 524 1328 persuasionem
542 1269 639 1315 onmium
656 1267 771 1314 hominurn
789 1273 826 1329 qui
843 1274 910 1332 cogi-

52 1352 137 1397 tulitin
151 1352 195 1397 hac
211 1366 237 1397 re
249 1351 328 1397 falsam
342 1365 393 1398 esse
405 1351 524 1409 declarem,
541 1350 585 1396 hoc
601 1354 663 1396 certe
679 1349 766 1396 facilius
784 1365 833 1397 cum
850 1365 909 1397 con-

53 1432 147 1476 scientia
171 1445 222 1477 mea
239 1421 362 1478 conciliare
378 1437 465 1493 potero.
496 1432 634 1491 Argumenta
653 1429 823 1489 euim,t1uibus
841 1433 906 1477 Goli-

51 1511 108 1556 lcius
121 1511 227 1572 ostendit,
243 1517 325 1559 terram
337 1514 431 1571 moveri,
444 1517 542 1558 nontam
552 1512 671 1571 perspicua
681 1518 740 1569 sunt,
757 1528 822 1573 quam
837 1528 908 1574 argu-

51 1598 127 1637 menta
136 1594 160 1638 in
170 1606 238 1639 eausa
251 1594 404 1640 llermesiana.
428 1595 514 1653 Quippe
528 1598 618 1651 praeter
631 1592 689 1638 haec
706 1593 757 1650 duo,
776 1598 858 1639 terram
870 1600 908 1640 aut

51 1674 123 1719 solem
138 1674 256 1719 innostro
278 1676 332 1720 solis
350 1680 471 1733 systemate
484 1675 598 1718 immotum
616 1678 684 1731 stare,
700 1676 788 1719 tertium
805 1676 907 1734 cogitare

50 1768 150 1813 possum,
165 1754 226 1814 tpuod
241 1767 288 1799 non
305 1755 377 1800 nrinus
392 1759 531 1813 potestesse
548 1767 613 1812 quam
629 1753 673 1798 duo
690 1754 774 1812 priora.

115 1836 159 1881 Cur
169 1841 243 1881 autem
252 1835 297 1881 hoo
307 1835 423 1892 confitear,
438 1835 606 1893 curpeierem‘t
629 1834 717 1879 scilicet
734 1839 757 1878 ut
772 1849 801 1880 ne
819 1835 909 1881 delato-

51 1931 89 1962 res
99 1917 199 1963 nonnulli
210 1917 266 1962 salsa
281 1916 391 1980 retulisse,
408 1921 431 1961 ut
447 1930 476 1960 ne
487 1920 621 1974 interpretes
632 1915 732 1959 nonnulli
744 1915 823 1961 leviter
833 1918 909 1975 egisse

52 2005 75 2044 cl
93 2012 210 2058 perperam
228 1998 324 2043 vertisse
340 1996 468 2054 uideantur,
484 2000 507 2041 ut
524 2011 553 2041 ne
570 1997 619 2041 aliis
637 1996 695 2040 desit
711 2010 755 2054 quo
774 2002 825 2054 apte
841 2004 908 2042 irtam-

51 2080 136 2126 turad
157 2093 248 2126 errores
275 2093 329 2125 suos
348 2079 508 2137 pantheisticos
530 2082 552 2122 et
572 2077 735 2122 Lamennaeios
751 2077 906 2136 obtegendosl

51 2161 163 2205 l'ostulent
179 2161 206 2206 ab
223 2160 389 2215 llermesiauis,
405 2158 510 2217 quidquid
527 2157 610 2214 volent,
625 2158 661 2202 isti
679 2157 799 2213 delatores,
815 2159 851 2202 isti
869 2158 906 2201 in-

51 2246 177 2301 terpretes,
193 2242 229 2286 isti
245 2240 377 2299 pantheismi
395 2244 416 2283 ct
431 2238 561 2297 placitorum
577 2237 778 2283 Lameunaeiorum
795 2238 905 2283 defenso·
956 2276 959 2281 ,

51 2335 103 2367 res:
120 2321 161 2367 scd
176 2322 266 2366 nimium
283 2326 317 2365 cst
332 2322 397 2364 ctiam
417 2319 462 2364 hoc
478 2317 605 2377 postulare,
621 2323 645 2362 ut
660 2319 800 2365 llermesiaui
816 2321 839 2364 in
855 2319 907 2365 illo-

52 2418 100 2449 rum
118 2402 259 2448 commodum
276 2414 288 2445 a
305 2414 391 2446 morum
408 2401 535 2460 integritate
553 2412 578 2444 se
597 2398 703 2445 abdicent
718 2405 742 2445 ut
758 2401 850 2460 periurii
866 2402 908 2446 de-

52 2485 123 2529 decus
142 2484 244 2528 subeant.
278 2483 319 2537 Qui
341 2483 384 2528 lioc
407 2482 518 2541 postulat,
541 2482 560 2526 is
578 2495 605 2526 eo
628 2481 678 2540 ipso
703 2481 816 2537 ostendit,
834 2481 906 2539 ipsum

52 2580 125 2626 neque
142 2565 170 2610 de
186 2579 211 2611 se
228 2579 300 2624 neque
319 2564 347 2609 dc
364 2564 421 2620 aliis,
440 2577 452 2607 a
471 2565 550 2623 quibus
565 2564 669 2623 postulat,
688 2564 746 2607 bene
761 2565 851 2607 sentire.

107 2646 192 2700 Quodsi
198 2645 316 2690 Petronius
326 2644 448 2703 exernplum
458 2645 573 2689 Fenclonis
582 2644 733 2689 Hermesianis
741 2643 838 2701 opponit,
847 2655 904 2688 sanc

52 2730 72 2774 is
88 2742 134 2774 non
144 2728 227 2787 primus
245 2726 288 2770 hoc
303 2727 363 2770 lecit.
396 2725 441 2771 Sed
452 2725 574 2785 exemplum
584 2724 637 2769 illud
650 2729 723 2783 aptum
734 2736 780 2768 non
789 2728 829 2767 est.
853 2725 903 2769 Do-

53 2811 124 2854 ctrina
140 2808 259 2854 Fenclonis
273 2807 340 2851 cortis
357 2806 457 2851 thesibus
474 2807 585 2864 descripta
600 2810 656 2861 erat,
672 2804 716 2849 hae
733 2818 782 2850 cum
794 2805 907 2850 Fenelone

53 2892 230 2937 communicatae
245 2894 316 2945 erant,
327 2888 367 2932 has
381 2888 417 2932 ille
427 2894 450 2933 ut
467 2889 589 2933 doctrinam
602 2900 664 2931 suam
676 2887 817 2930 continentes
830 2898 906 2944 agno-

53 2972 97 3028 vit;
115 2973 190 3032 itaque
206 2972 322 3031 qtrorninus
337 2969 372 3013 ille
391 2981 416 3013 se
431 2969 559 3025 subiicerot,
575 2966 655 3011 nullum
670 2966 766 3011 officium
783 2966 907 3026 impedivit,

53 3052 120 3099 immo
138 3059 161 3099 ut
171 3067 196 3099 se
210 3053 338 3106 subiiceret,
358 3049 455 3116 elicium
466 3049 590 3109 postulavit.
623 3047 812 3096 SinHeruoesiani
831 3062 908 3095 veram

56 3148 118 3180 suam
129 3136 297 3195 persuasionem
314 3133 441 3177 orititlentes
461 3145 486 3177 se
502 3130 652 3185 subiicerent,
668 3130 687 3174 si
699 3143 778 3175 mamis
794 3143 872 3176 eorum
887 3129 910 3175 id

55 3217 215 3276 subscriberet,
228 3213 287 3275 quod
297 3212 437 3258 conscientia
447 3212 567 3267 damnaret,
579 3223 630 3270 nura
642 3210 679 3256 alii
693 3211 749 3257 tales
761 3212 829 3258 falsos
839 3216 908 3255 testes
