1979 3399
395 63 429 74 -
472 34 522 84 135
554 59 595 70 <-

340 269 636 318 Declaratto.
689 323 695 333 ⁹

122 416 263 463 Francelurti
282 416 310 460 ad
326 416 439 473 lloenum,
459 428 502 474 quo
519 413 608 473 quidem
619 414 671 459 loeo
687 415 857 473 impressurn‘se
869 419 922 453 esse

59 502 134 556 iactat,
151 500 174 541 in
186 497 312 542 commissis
324 497 382 555 apud
392 495 513 555 Philippum
525 497 608 555 Streng
619 496 685 554 1815,
701 506 813 553 anonymo
827 498 921 537 auclore

59 579 117 623 liber
133 577 223 636 prodiit,
241 579 276 621 eui
293 577 383 621 titulus:

153 657 279 713 „llisloriea
300 656 412 700 enarratio
431 660 501 700 slatus
518 654 630 699 ecclesiae
645 653 837 710 ltlonasteriensis,
857 655 920 699 cuius

155 735 259 780 edendae
276 749 344 781 causa
361 736 402 781 fnit
418 748 552 794 responsum
571 748 583 778 a
601 731 701 791 Georgio
721 733 838 777 Hermesio
862 746 920 792 pre-

151 816 240 860 l'essore
257 816 388 861 llonasterii
406 817 462 875 tppis
483 815 632 875 0101001010.α

59 896 122 942 Nona
140 895 207 941 liuius
222 896 273 942 libri
290 898 446 956 paragraphus
464 902 509 941 tam
526 896 582 941 salso
600 892 706 953 exponit,
722 893 835 950 quemodo
854 893 922 951 urrin-

60 988 103 1034 que
120 975 174 1019 nori
186 976 330 1033 Capilularcs,
349 989 405 1034 qrros
423 972 762 1034 lnrperatrinFranco-Gallica,
781 973 838 1031 apud
854 987 919 1031 (pram

59 1060 112 1099 tunc
127 1055 271 1112 imperatoria
286 1060 403 1112 potestas,
419 1056 590 1111 nominaverat,
609 1055 633 1098 in
649 1053 771 1112 Capitulum
787 1052 922 1111 lletropoli-

59 1140 134 1179 lanum
155 1136 241 1192 recepti
259 1137 318 1192 siat,
342 1135 510 1195 eorundernrpre
532 1135 643 1179 honorem
660 1137 777 1191 tantopere
793 1132 881 1190 laedit,
898 1137 922 1177 ut

58 1215 86 1269 is,
103 1215 139 1273 qui
162 1227 245 1258 nomen
270 1227 334 1259 suum
350 1215 409 1259 infra
428 1215 577 1273 subscripsit,
593 1227 651 1258 unus
669 1227 698 1259 ex
712 1226 806 1257 nurnero
823 1212 918 1271 illorum,

58 1307 122 1338 suum
140 1306 191 1338 esse
209 1293 303 1350 duxerit,
320 1295 379 1338 hane
391 1295 557 1339 enarrationem
570 1294 697 1339 testimonio
714 1307 756 1338 suo
774 1295 919 1350 conrincere,

60 1386 163 1432 eamque,
181 1374 241 1431 quod
253 1374 332 1418 attinet
350 1374 379 1418 ad
394 1375 509 1434 ingenium
522 1377 571 1420 eius
587 1380 609 1419 01
625 1375 750 1433 argumenti
767 1380 853 1433 partem
871 1375 921 1433 pri-

60 1454 161 1509 mariam,
177 1467 222 1497 11011
238 1466 317 1497 cerunt
335 1467 394 1511 esse,
410 1455 452 1500 sed
470 1455 599 1514 attenderem
616 1455 736 1499 declarem.

124 1533 250 1579 Secundum
272 1534 629 1595 11011001101101101101110111110110
650 1536 704 1580 nevi
722 1533 874 1592 Capitulares,
898 1536 921 1576 et

61 1613 150 1671 quidem
168 1615 208 1658 sul)
230 1614 344 1671 praesidio
366 1615 524 1673 imperatoriae
542 1616 657 1673 potentiae
673 1628 714 1674 per
731 1617 776 1659 uim
793 1612 920 1670 interposi-

60 1698 110 1748 tae,
133 1694 209 1738 inritie
226 1696 323 1752 (pilaque
342 1695 457 1739 ueteribus
475 1695 652 1754 Capitularilrus,
670 1696 752 1756 qui-
768 1693 859 1737 nonnisi
874 1705 920 1752 po-

60 1774 143 1818 tentiae
164 1775 316 1820 concedentes
340 1801 368 1809 —-
395 1774 424 1821 ad
446 1789 488 1822 eos
507 1776 653 1835 recipiendos
671 1777 768 1823 animum
783 1775 919 1832 imlnxerint,

60 1868 101 1913 per
121 1856 164 1899 uim
187 1857 209 1900 in
232 1856 354 1915 Capitulum
369 1856 491 1916 irrumpere
507 1858 608 1902 voluisse
633 1856 757 1901 traduntur.
790 1856 842 1901 Illos
859 1857 919 1901 eninr

61 1936 131 1980 relert
147 1937 312 1994 professionem
328 1938 381 1983 fidei
399 1943 421 1983 et
436 1940 582 1984 iuramentum
599 1938 681 1985 silentii
698 1937 829 1996 peregisse,
847 1937 920 1996 iisqne

60 2018 159 2074 peraeds
172 2020 304 2063 canonicam
320 2018 482 2064 Institutionem
495 2021 634 2077 postulasse,
652 2018 754 2074 eosdem,
770 2017 829 2061 idem
841 2022 921 2061 auctor

61 2109 186 2155 anonymus
204 2096 265 2154 dicit,
285 2096 329 2141 lroe
341 2098 385 2141 sibi
403 2111 537 2156 arrogasse,
554 2102 607 2141 uta
624 2096 737 2141 veteribus
755 2094 919 2152 Capilularihus

60 2177 213 2233 postularent,
235 2176 294 2232 quod
316 2176 349 2220 1111
367 2177 495 2221 concedere
511 2177 612 2232 nollent,
628 2176 733 2234 quodque
749 2174 785 2218 aa
802 2176 856 2232 ipsis
873 2188 918 2233 po-

61 2255 144 2301 stulare
161 2269 207 2300 nen
224 2256 314 2312 liceret3
335 2256 387 2301 dein
410 2262 500 2301 ueteres
519 2257 657 2315 Capitulares
675 2256 789 2315 potentiae
807 2256 851 2299 uim
867 2269 919 2300 rne-

61 2337 149 2381 tircntes
173 2338 201 2381 iis
222 2336 297 2381 locum
316 2337 404 2396 quidem
420 2338 444 2381 in
460 2337 560 2395 Capitulo
578 2343 600 2382 et
616 2336 690 2381 Clrero
714 2336 860 2393 assignasse,
877 2336 919 2380 sed

61 2417 126 2462 simul
137 2417 253 2476 professos
270 2431 329 2474 esse,
346 2417 478 2462 ordinatricem
492 2417 655 2462 institutionem
669 2416 720 2474 pieri
738 2416 826 2461 0111111110
834 2430 919 2473 possm

62 2509 135 2554 eoque
152 2496 202 2542 illos
219 2502 337 2543 contentos
354 2497 424 2543 luisse
442 2511 512 2557 seque
529 2498 647 2555 reprobari
663 2509 743 2555 passos
760 2510 820 2555 esse,
838 2511 864 2542 ac
881 2497 919 2541 111-

61 2575 195 2633 hilominus,
210 2590 267 2634 quae
284 2590 348 2621 more
365 2577 431 2621 solite
448 2577 527 2621 fierent
542 2581 566 2621 ut
582 2582 750 2635 peragerentur,
767 2578 917 2622 concessisse.

62 2655 99 2700 Sic
116 2657 146 2700 illi
163 2661 268 2714 tanquam
284 2656 387 2700 homines
403 2655 457 2700 nihil
474 2658 601 2715 sapientes,
622 2658 785 2702 censcientiam
801 2670 862 2701 suam
880 2656 918 2699 ni-

61 2733 101 2779 hili
117 2737 226 2781 iacientes
241 2735 344 2794 publicae
367 2736 466 2781 invidiae
485 2737 595 2796 expositi,
612 2748 699 2795 eoque,
716 2741 820 2796 errantum
837 2735 866 2779 ad
881 2736 919 2779 i'a-

62 2830 126 2872 mam,
144 2817 276 2876 grauissime
295 2817 351 2862 laesi
369 2822 427 2863 sunt.

128 2897 198 2941 Falso
214 2898 236 2940 in
252 2897 295 2940 lrac
310 2899 454 2942 enarratione
471 2904 528 2955 sunt,
544 2910 689 2956 quaecunque
700 2897 851 2954 suspicionem
868 2912 920 2943 1110-

62 2982 121 3033 uenl,
137 2992 209 3023 nevos
228 2977 364 3036 Capitulares
379 2992 420 3036 per
436 2980 480 3023 rim
499 2980 521 3023 in
539 2977 660 3035 Capitulum
676 2977 799 3034 irrumpere
809 2977 917 3024 uoluisse.

62 3053 217 3117 Unusquisque
239 3061 339 3101 nostrum
354 3058 442 3114 pridie,
468 3059 488 3103 11.
506 3072 525 3103 e.
542 3058 577 3102 die
597 3056 707 3110 11111οἰ1,
730 3055 809 3102 litteris
834 3058 918 3104 Viearii

62 3134 175 3189 generalis
201 3142 253 3181 tunc
279 3134 379 3193 Capitale
404 3136 571 3196 praesidentis,
595 3133 660 3181 liberi
683 3135 776 3183 latronis
799 3139 918 3185 Clementis
