1979 3399
383 86 417 97 »-
458 60 508 113 191
548 86 585 97 -·

57 204 113 249 riam
129 204 256 262 repetemus
274 206 298 248 et
314 203 477 261 ostcrrdemuS,
501 203 559 249 banc
584 201 751 249 distinctionem
774 203 840 246 etiam
862 205 914 248 ante

57 285 165 330 ltlurettun
173 284 258 331 Romae
268 286 380 345 cognitam
389 286 465 331 luisse.
490 285 540 343 lpse
554 299 572 330 s.
588 286 684 331 Thomas
695 285 805 345 Aqttinas,
821 285 914 343 angelus

57 365 157 425 scholae,
172 379 222 412 eam
236 369 349 426 cognitam
361 367 436 412 habet.
459 366 544 425 „Aliter
555 372 642 412 laurent
655 367 724 414 dccet
737 368 813 426 ,circa
828 365 873 411 hoc
890 379 915 411 se

57 449 194 495 hebetantis
209 449 359 506 speculative,
375 455 398 494 00
414 449 479 495 aliter
493 449 604 507 practico.
639 450 694 504 Quia
712 450 770 494 eninr
785 449 844 495 ratio
862 463 917 508 spe-

58 532 155 577 culativa
177 532 298 589 praecipue
321 532 450 590 negotiatur
467 531 527 575 circa
543 532 686 588 necessaria,
705 543 763 590 quae
777 530 917 590 impossibile

58 618 93 658 ost
109 612 173 657 aliter
189 624 214 656 se
231 611 329 658 habere:
350 612 434 672 absque
452 612 525 671 atiquo
547 612 636 657 delectu
657 614 768 658 invonitur
790 614 875 659 veritas
894 614 917 657 in

59 693 241 740 conclusionibus
257 693 364 752 propriis,
381 693 440 737 sicut
457 697 480 736 ot
502 693 526 735 in
542 694 657 751 principiis
677 693 838 738 communibus.
870 693 916 740 Sed

57 775 117 821 ratio
134 774 233 833 practica
252 777 381 834 negotiatur
397 776 458 818 circa
475 775 640 832 contingentia3
659 773 775 831 inquibus
792 778 844 819 sunt
859 787 917 833 ope-

58 855 160 901 rationes
178 854 306 901 bumanae:
324 860 346 900 et
361 854 414 901 idco
432 855 474 899 etsi
487 856 510 900 in
528 855 682 899 communibus
698 855 727 900 sit
742 855 815 914 aliqua
831 869 917 900 neccs-

58 938 130 993 sitas,
147 937 317 996 quantomagis
334 936 362 981 ad
377 937 468 996 propria
487 936 642 994 descenditur,
659 940 720 981 tanto
737 938 809 996 magis
824 938 916 982 inueni-

57 1022 93 1063 tur
111 1016 220 1062 delenbrs.
252 1017 290 1064 Sic
311 1019 386 1078 igitur·
400 1019 424 1062 in
444 1018 587 1077 speculativis
604 1022 638 1062 est
656 1018 735 1062 eadem
751 1019 835 1062 ueritas
859 1019 918 1077 apud

58 1110 137 1145 ornnes
151 1103 196 1143 tam
211 1099 235 1143 in
250 1099 380 1158 principiis,
406 1112 471 1159 quarn
488 1101 511 1145 in
529 1099 728 1144 conclusionibus:
753 1098 807 1144 licet
831 1101 916 1145 ueritas

58 1194 105 1226 non
127 1180 186 1240 apud
210 1191 288 1224 omnes
312 1184 465 1239 cognoscatur
479 1181 502 1224 in
520 1179 720 1236 conclusionibus,
746 1180 788 1224 sed
804 1181 876 1226 solum
895 1181 918 1225 in

58 1262 173 1322 principiis
190 1294 197 1317 ,
213 1273 271 1319 quae
288 1260 392 1306 dicuntur
408 1274 537 1306 communes
556 1261 729 1319 conceptiones
739 1263 768 1317 t).

123 1343 168 1387 lam
186 1341 256 1386 oculis
273 1342 391 1401 adspicere
407 1323 476 1400 licet,
501 1343 567 1387 etiam
586 1355 604 1387 s.
620 1342 719 1387 Thornae
736 1343 813 1388 ambas
831 1345 917 1402 „ratio-

58 1428 112 1470 nes‘t
127 1424 232 1481 hominis,
251 1423 279 1468 ob
292 1437 347 1483 quas
363 1437 406 1468 nos
422 1423 495 1469 adbuc
510 1425 577 1469 toties
594 1424 615 1467 in
634 1423 753 1468 Germania
772 1425 856 1469 derisui
869 1426 916 1470 fui-

58 1518 116 1563 muS,
133 1506 235 1565 cognitas
256 1505 341 1562 fuisse,
359 1506 402 1550 iam
419 1506 561 1550 manifestum
577 1518 646 1563 esse,
670 1506 737 1550 etiarn
761 1506 783 1549 ei
800 1505 858 1550 bano
876 1506 914 1551 ui-

57 1590 200 1634 stinctionern
216 1588 311 1632 rationis
324 1586 462 1632 theoreticae
481 1592 503 1631 00
519 1587 632 1645 practicae
650 1587 762 1645 cognitam
778 1586 859 1633 scrisse!
885 1579 915 1633 Et

58 1683 124 1728 qumn
140 1669 199 1714 bene
217 1670 307 1728 cognita
324 1669 345 1712 ei
362 1668 415 1713 fuiti
439 1668 525 1713 Evolve
543 1680 627 1728 quaeso
645 1680 712 1712 unam
730 1667 777 1712 cius
793 1669 913 1724 Summam,

56 1749 139 1808 ubique
156 1763 206 1795 eam
224 1749 389 1794 distinctionem
405 1749 534 1810 inveneris,
551 1751 604 1794 item
619 1748 747 1804 inueneris,
764 1761 814 1794 eum
830 1751 914 1796 rationi

57 1829 82 1875 in
96 1830 225 1875 universum
240 1834 313 1885 tantas
324 1833 399 1887 partes
412 1829 549 1887 concedere,
568 1834 662 1888 utrantas
674 1830 803 1875 Hermesius
816 1844 913 1889 unquam

58 1911 180 1955 concessit.
213 1910 277 1955 Conf.
290 1910 432 1955 verbicausa
450 1912 486 1955 QQ.
504 1924 525 1968 q.
542 1912 579 1956 83,
596 1910 612 1955 l.
629 1924 649 1955 c.
669 1910 705 1955 ts.
724 1924 745 1969 q.
763 1911 799 1957 ub.
817 1913 873 1957 bad
889 1913 911 1958 3.

59 1992 95 2037 ta.
118 1988 435 2052 peccacatum.
460 1991 481 2036 9.
501 2005 520 2036 c.
539 1997 561 2035 00
578 1992 612 2035 ta.
630 2005 650 2049 q.
669 1991 705 2035 il.
724 1992 745 2036 e.
760 2005 778 2036 c.
797 1997 819 2036 00
836 1993 873 2038 23.
891 2007 912 2053 q.

57 2070 95 2119 45.
113 2073 134 2119 3.
152 2086 172 2117 0.
189 2101 219 2108 -
237 2073 273 2117 2‘2.
290 2084 311 2129 cp
329 2067 366 2116 lt.
385 2071 401 2114 l.
417 2071 446 2115 ad
462 2071 483 2115 3.
501 2077 522 2115 00
535 2072 557 2116 3.
570 2084 589 2116 0.
620 2071 728 2115 Petronio
741 2072 809 2129 igitur
818 2086 836 2117 s.
849 2074 912 2119 Tho-

57 2166 105 2198 mas
129 2165 206 2198 rursus
232 2150 364 2210 religionem
380 2148 486 2194 labefecit
504 2155 526 2194 et
541 2150 620 2195 ducem
637 2163 661 2194 00
677 2150 781 2207 praebuit
799 2152 827 2196 ad
842 2154 910 2199 Soci-

56 2233 189 2278 nianismum
206 2235 228 2276 et
244 2229 434 2275 Rationalisnrum.
466 2229 519 2286 Sed,
539 2229 598 2274 dicat
614 2229 701 2287 aliquis,
718 2231 756 2289 qtri
773 2231 909 2293 lieripotuit,

57 2321 80 2361 ut
97 2314 204 2359 Perronio
226 2312 327 2357 doctrina
344 2311 441 2356 Tbomae
458 2311 575 2371 Aquinatis
592 2316 635 2355 tarn
651 2323 729 2368 parurn
741 2315 831 2372 cognita
842 2321 910 2373 essct,

57 2411 108 2442 oum
129 2399 173 2442 iste
197 2395 226 2440 de
242 2394 286 2438 hoc
306 2394 355 2452 ipso
382 2393 475 2438 doctore
499 2393 677 2451 pronuntiaverit
700 2393 723 2436 in
746 2395 911 2449 praelectioni-

57 2474 99 2520 bus
116 2477 162 2520 suis
187 2472 316 2530 theologicis
341 2486 392 2532 pag.
407 2472 445 2518 IX.
463 2477 516 2518 tom.
535 2472 558 2518 l:
583 2473 654 2531 ,illurn
676 2478 781 2532 tanquam
798 2476 868 2522 solem
888 2481 910 2524 in

57 2555 155 2600 ecclesia
172 2553 208 2598 dei
225 2556 326 2597 exortum
338 2565 397 2608 esse,
415 2565 510 2611 eumque
524 2553 563 2596 rix
576 2552 707 2612 theologum
718 2554 837 2601 dicendum
849 2572 909 2616 esse,

57 2637 95 2696 qui
111 2635 223 2681 Sannorum
237 2631 296 2675 illius
315 2636 337 2675 et
352 2631 423 2676 libros
439 2631 549 2677 aduersus
568 2638 648 2691 gentes
667 2633 727 2679 haud
743 2635 857 2695 legeris?
872 2640 909 2684 Ad

56 2713 115 2760 hano
130 2712 284 2774 quaestionem
301 2722 345 2769 ego
362 2715 408 2754 tum
423 2710 574 2769 respondebo,
589 2726 639 2757 crim
655 2719 707 2758 ante
724 2719 839 2773 quaerenti
855 2720 909 2766 milri

57 2807 189 2854 responsum
205 2792 261 2848 erit,
280 2791 393 2848 utromodo
408 2792 504 2852 intelligi
518 2792 604 2851 possit,
625 2795 715 2839 nescire
733 2796 863 2845 PerronIum
881 2815 909 2846 ca

58 2887 115 2932 quae
131 2876 180 2933 ipse
195 2871 327 2930 scripserit?
342 2870 397 2915 Nam
415 2871 439 2915 id
455 2873 527 2930 ipsum
545 2872 603 2932 quod
619 2872 739 2920 Perronius
753 2877 828 2934 iactat,
844 2894 910 2937 ,sese

58 2953 81 2999 in
103 2955 248 3000 annotatione
267 2951 296 2995 ad
312 2964 364 3010 pag.
382 2951 426 2996 ‘239
450 2952 626 2999 Proelectiomnn
653 2954 827 3014 theologico-rum
850 2961 909 3007 illam

58 3032 225 3080 distinctionem
240 3032 414 3091 denuntiavisse,
427 3038 451 3077 ut
467 3047 524 3093 quae
540 3035 605 3080 iidem
619 3036 796 3096 religionemque
812 3041 910 3087 subrue-

62 3143 272 3155 W

99 3207 120 3259 1]
136 3208 214 3246 Summa
227 3206 300 3247 Theol.
318 3205 349 3252 12,
366 3213 443 3257 quaest.
457 3207 490 3246 et.
