1979 3399
404 90 604 140 —tsso—

72 229 185 290 episcopis
202 229 315 275 Africanis
339 233 436 275 testatur.
470 229 555 289 Quippe
572 227 600 273 ad
617 229 737 287 episcopos
753 230 865 274 ecclesiae
883 228 926 273 lli-

72 325 157 372 spanae
173 311 284 356 scribunt:

165 390 296 450 „Basilidem
311 397 363 450 post
379 392 472 437 crimina
488 405 529 437 sua
548 391 636 436 detecta
653 394 676 434 et
693 390 856 435 conscientiam
869 402 926 449 pro-

162 474 211 531 pria
233 472 378 518 confessione
396 473 500 519 nudatam
516 472 609 518 Romam
624 472 767 532 perrexisse‚
791 470 927 530 Steplrmrum

164 553 275 612 collegam
298 568 361 600 suum
379 562 409 609 [s.
427 555 542 614 Cypriani]
559 554 627 614 longe
649 554 745 612 positum
763 558 785 598 et
799 556 876 612 pestate
892 553 927 597 roi

166 648 195 679 oe
217 635 299 679 taeitoe
320 636 423 681 ueritatis
447 636 550 695 ipnurum
565 634 680 693 fefellisse,
696 642 720 680 ut
737 634 831 680 ambiret
847 634 927 693 reponi

163 729 188 762 se
205 716 286 762 iniuste
307 718 330 762 in
346 719 510 776 episcopatum,
536 715 563 760 de
580 729 623 774 quo
640 715 708 761 fuerit
724 717 782 760 iuste
799 715 921 774 depositus.

163 796 213 842 Hoc
229 810 257 843 eo
273 799 393 857 pertinere,
409 804 432 843 ut
440 797 543 843 Basilidis
560 810 606 841 non
622 803 667 843 tam
683 797 767 842 abolita
783 797 840 853 sint,
856 810 922 856 quarn

164 877 274 923 curnulata
291 879 379 938 delicta,
397 884 421 924 ut
436 878 464 924 ad
482 879 597 938 superiora
612 884 707 936 peccata
722 879 770 923 eius
781 879 848 922 etiam
858 877 925 923 salla-

164 959 214 1004 ciae
239 965 261 1004 et
285 961 482 1006 circumventionis
505 962 588 1006 crimen
610 961 739 1006 accesserit.
771 961 848 1018 Neque
865 960 924 1003 enim

164 1044 210 1085 tarn
227 1041 362 1099 earlpundam
375 1055 425 1088 esse
440 1042 508 1100 illator,
525 1043 560 1088 oui
576 1041 719 1102 negligenter
731 1041 847 1101 obreptum
858 1045 925 1098 esset,

163 1137 228 1181 (prem
255 1124 315 1168 hunc
336 1124 514 1181 exsecrandum7
543 1126 582 1184 qui
610 1124 763 1169 fraudulenter
789 1122 923 1181 obrepserit.

163 1203 279 1263 Obrepere
296 1211 369 1251 autem
386 1208 405 1251 si
421 1206 547 1251 hominibus
561 1205 670 1250 Basilides
686 1205 802 1263 potuisset,
821 1205 864 1250 deo
877 1216 923 1249 non

161 1298 237 1344 posse,
254 1300 304 1331 oum
320 1288 426 1347 scriptum
449 1289 491 1333 sit:
509 1289 570 1333 Deus
587 1300 633 1331 non
650 1286 776 1331 der¹idetur“
789 1289 818 1341 ¹).

130 1364 261 1422 Quanquam
283 1380 295 1411 a
319 1380 376 1426 papa
398 1368 530 1412 Innocentio
549 1369 558 1412 l
582 1367 685 1413 doctrina
710 1367 815 1412 Caelestii
833 1366 922 1410 conde-

66 1449 141 1489 mnata
159 1449 222 1504 erat,
246 1451 320 1492 tamen
335 1446 388 1493 huto
404 1454 426 1493 et
442 1448 532 1508 Pelagio
554 1449 656 1509 contigit,
671 1454 695 1494 ut
711 1462 791 1508 papam
807 1448 920 1494 Zosimum

65 1525 202 1573 Innocentio
218 1529 242 1573 in
260 1541 278 1574 s.
296 1528 351 1574 sede
367 1529 528 1575 succedentem
543 1529 681 1589 deciperent.

129 1624 151 1669 S.
168 1623 292 1682 Gregorius
308 1624 401 1684 lllagnus
419 1625 511 1670 scribit:

161 1718 232 1777 „Qua
258 1718 353 1774 miraris⁷
369 1719 448 1776 Pelle,
470 1720 520 1777 quia
545 1718 640 1763 lallinnn
655 1718 692 1775 qut
707 1716 810 1760 homiues
826 1715 921 1761 sautius‘l

161 1799 198 1844 An
213 1804 289 1844 mente
307 1799 403 1856 excidit,
425 1801 487 1858 quod
506 1800 596 1857 David,
618 1800 656 1860 qui
672 1797 803 1857 prophetiae
820 1797 921 1856 spiritum

157 1876 242 1922 habere
254 1880 410 1935 consueverat
424 1883 501 1923 eontra
514 1878 655 1923 innocentem
668 1878 775 1923 lonathae
786 1878 853 1923 filium
866 1890 921 1923 sen-

164 1959 255 2002 tentiam
271 1958 339 2016 dedit7
358 1973 406 2004 eum
423 1960 493 2005 uerlta
507 1961 570 2019 pueri
584 1961 710 2006 mentientis
728 1959 830 2005 audivit?
846 1987 876 1993 —-
892 1987 922 1995 -

163 2067 194 2073 -
218 2039 276 2092 Quid
302 2053 357 2100 ergo
378 2042 464 2097 mirum,
486 2042 505 2085 si
528 2054 568 2086 ore
590 2037 743 2087 mentientium
765 2040 883 2100 aliquando
899 2040 923 2084 in

163 2120 223 2165 aliud
241 2120 354 2179 ducimur,
377 2124 413 2181 qui
436 2124 559 2182 prophetae
581 2136 627 2169 non
651 2124 746 2169 santius?
761 2123 851 2168 lllultum
866 2133 922 2166 uero
957 2143 960 2147 ·

164 2207 211 2258 est,
235 2203 295 2262 quod
314 2204 488 2264 uniuscuiusque
506 2204 617 2264 praesulis
632 2209 729 2250 mentem
746 2218 848 2249 curarum
865 2203 924 2248 den-

164 2285 218 2328 sitas
242 2284 349 2330 devastat.
392 2286 489 2344 Gaiusque
512 2288 598 2332 animus
621 2287 726 2332 dividitur
747 2286 776 2329 ad
800 2286 881 2341 multa,
901 2284 924 2328 fit

163 2362 236 2406 minor
252 2362 281 2406 ad
298 2364 397 2423 singula:
425 2370 531 2424 tantoque
551 2366 572 2410 ei
595 2367 619 2410 in
633 2379 677 2412 una
695 2367 792 2425 qualibet
806 2379 832 2410 re
849 2365 924 2410 subri-

166 2443 232 2499 pitur,
248 2449 329 2500 quanto
345 2444 410 2489 latius
426 2447 449 2489 in
468 2446 540 2490 multis
556 2450 690 2503 occupatum
701 2452 730 2503 ²).

135 2533 241 2579 Nicolaus
266 2548 337 2593 papa,
359 2548 416 2582 unus
441 2551 469 2581 ex
492 2539 662 2598 sapientissimis
685 2546 708 2585 et
730 2540 922 2586 excellentissimis

73 2616 165 2660 summis
179 2617 333 2675 pontificibus,
353 2619 500 2678 quiunquam
516 2621 634 2680 vixerunt,
652 2622 741 2682 saepius
760 2628 865 2681 expertus
881 2628 923 2675 est,

74 2711 110 2755 ea,
128 2711 186 2757 quae
202 2699 399 2758 praescripsisset,
417 2706 454 2745 ant
468 2702 558 2761 ignavia
575 2708 612 2749 aut
628 2703 711 2749 malitia
727 2705 852 2764 legatorum
867 2715 924 2748 suo-

74 2793 122 2824 rum
140 2781 201 2825 elusa
219 2794 277 2826 esse.
310 2781 447 2839 „llirandum
463 2783 529 2828 ualde
540 2785 561 2829 ei
579 2790 640 2842 erat„
657 2799 696 2831 our
710 2787 733 2830 iu
751 2785 846 2830 coneilio
863 2784 925 2828 Gon-

75 2863 272 2921 stantinopolitano
292 2864 361 2908 rrrrrltu
386 2875 445 2920 quoe
467 2865 582 2910 stutaaieset
597 2873 634 2912 aut
651 2866 715 2912 aliter
728 2866 804 2910 habita
821 2869 858 2910 arat
874 2878 925 2909 mu-

75 2946 120 2988 tata
136 2949 221 3003 essent⁷
237 2946 336 3003 quamvis
351 2944 433 3004 legatis
453 2945 498 2989 suis
517 2948 640 2993 certissime
657 2948 710 3007 quid
725 2946 793 2992 vellet
808 2947 924 3005 praescri—

117 3173 136 3221 1)
150 3173 169 3212 S.
184 3175 277 3224 Cypriani
293 3177 328 3227 Ep.
344 3176 377 3218 68.

115 3243 135 3293 2)
150 3243 169 3280 S.
184 3244 275 3295 Gregorii
289 3249 418 3299 Dialogornm
433 3246 470 3294 lib.
483 3246 497 3284 l.
510 3259 525 3284 ct
541 3249 575 3291 IV.
592 3248 645 3288 Edit.
661 3250 748 3292 illumin,
769 3248 849 3287 Parisiis
866 3246 924 3285 1705.
