1979 3399
404 52 609 142 4111-

171 248 209 281 ras
227 234 308 279 adme
330 232 412 277 missas
437 244 489 276 esse
515 244 543 277 eo
561 230 634 290 magis
650 230 737 288 miror,
755 244 821 290 quum
837 231 938 291 perlatae

173 318 217 363 sint
238 318 358 373 antequam
382 326 459 358 coram
477 325 519 357 nos
536 311 693 372 cognovimus.

203 392 270 447 Quod
294 391 323 438 ud
340 391 471 451 primarimn
486 391 598 450 epistolae
613 395 665 435 tuae
678 395 834 449 argumentum
853 392 939 446 attinet,

174 472 214 518 tibi
232 484 356 530 assevero,
374 486 411 518 me
427 473 515 530 omnia,
533 484 590 531 qliae
607 483 648 529 per
665 469 708 516 hos
724 483 815 517 menses
831 471 938 517 hibernos

173 555 250 612 docui,
267 568 296 599 ne
308 554 400 599 minima
414 553 504 614 quidem
515 567 540 599 re
555 553 720 611 excepta-iam
737 565 807 611 saepe
824 553 939 611 docuisse,

172 641 292 695 antequam
316 637 416 694 scirem,
440 636 517 682 virere
533 635 642 681 lileeium,
674 635 701 682 Ut
722 639 794 692 tunc,
816 636 851 680 sic
866 635 939 680 ,etiam

170 731 231 763 nrrnc
247 730 369 776 personam
383 722 444 763 tuam
458 717 573 775 respicere
588 703 676 761 animus
692 729 738 760 non
755 716 796 761 fuit
805 731 812 772 ;
838 716 872 760 sin
889 728 940 760 inea

172 804 194 844 te
208 803 317 857 tangunt,
333 797 391 843 haec
407 799 470 857 culpa
487 811 538 842 mea
553 793 657 842 nonest.
689 796 798 854 Discipuli
814 797 859 840 mei
874 801 940 841 aeta-

173 884 218 924 tem
234 878 328 934 habent,
346 882 369 922 et
379 879 421 937 ipsi
438 891 479 936 pro
496 891 549 922 sese
567 877 744 935 respondebunt,
764 876 783 920 si
793 876 940 935 rogabuntur.

203 958 240 1003 Ad
251 972 291 1016 ea‚¹
303 971 361 1016 quae
373 959 482 1002 iniuriose
497 957 612 1014 addidisti,
630 957 700 1015 „falsa
715 956 939 1016 Berolinumscripta

173 1051 235 1096 esse,
252 1052 309 1097 quae
328 1051 371 1096 qua
383 1038 434 1082 talia
449 1037 494 1081 fine
506 1050 547 1083 suo
560 1036 706 1093 exciderint‚“
722 1038 777 1081 satis
795 1050 847 1082 esse
861 1039 939 1096 credo,

173 1119 193 1165 si
210 1120 251 1164 tibi
269 1119 328 1175 dico,
345 1132 381 1163 me
397 1119 455 1164 falsa
472 1119 532 1163 nulla
549 1118 678 1164 Berolinum
694 1118 822 1176 scripsisse.

204 1198 242 1243 Ad
258 1197 369 1242 eiusmodi
393 1197 480 1242 litteras
504 1197 600 1257 posthac
617 1198 716 1243 tibinon
732 1196 885 1256 respondebo,
918 1196 941 1241 Si

174 1277 243 1337 igitur
263 1278 343 1321 iterum
365 1276 489 1321 offenderis
504 1305 534 1312 -
545 1277 579 1321 ·id
598 1277 658 1336 quod
674 1278 713 1322 vix
727 1277 793 1321 vitari
809 1276 905 1334 poterit,
922 1275 942 1319 si

174 1371 232 1415 qrrae
249 1357 324 1402 adhue
345 1358 368 1400 in
391 1356 477 1401 scholis
496 1357 591 1416 exposui
608 1357 727 1403 offensioni
743 1357 782 1401 tibi
799 1356 888 1401 fuerunt
903 1383 942 1411 -‚

171 1448 247 1493 neque
265 1436 308 1481 alia
323 1436 412 1481 ratione
428 1450 476 1481 rem
493 1436 601 1494 expedire
615 1439 722 1495 potueris,
738 1437 843 1496 optimum
863 1435 942 1492 iacies,

175 1515 194 1561 si
211 1528 295 1561 nomen
311 1529 384 1561 mcum
404 1516 433 1560 ad
449 1516 603 1575 magistratum
619 1518 770 1577 praepositum
788 1517 902 1563 detuleris.

141 1594 234 1643 Bonnae
251 1597 273 1642 d.
289 1597 319 1642 95
336 1596 392 1642 Nor.
412 1594 481 1641 1899.
666 1589 668 1592 ’

401 1677 455 1722 Cum
472 1675 638 1721 existimatione
654 1678 685 1721 tui

573 1756 722 1800 Reverentiae
739 1760 790 1799 tuae

729 1833 844 1879 Obediens
855 1847 935 1879 servus

764 1915 913 1960 Hermesfl

143 2067 264 2124 liberes,
286 2080 345 2126 quae
362 2068 452 2113 nonnisi
469 2068 534 2127 signa
553 2072 617 2113 erant
635 2079 787 2124 eorumquae
804 2067 864 2111 circa
880 2065 940 2109 ller-

81 2146 175 2190 mesium
192 2146 288 2204 fiebant,
305 2147 365 2192 hunc
381 2161 466 2192 summo
485 2161 590 2193 moerore
607 2147 749 2203 alliciebant,
767 2160 816 2191 cum
832 2158 941 2205 praeser-

82 2227 120 2270 tim
137 2239 234 2285 corpore
259 2227 378 2273 admodum
401 2227 522 2274 laboraret.
555 2228 640 2276 Bonam
657 2227 801 2288 epistolarum
817 2225 941 2271 multitudi-

82 2319 134 2349 nem
150 2307 173 2350 in
190 2308 293 2352 manibus
303 2308 418 2364 habemus,
435 2309 457 2353 in
475 2310 555 2366 quibus
571 2321 654 2366 magno
669 2307 747 2352 dolore
759 2307 870 2350 sortunom
882 2320 941 2351 eon-

83 2387 242 2441 questus-est,
260 2398 318 2442 quae
335 2385 410 2432 ordini
425 2386 583 2445 theologorum
600 2385 716 2432 Bonnensi
732 2388 754 2427 et
772 2385 884 2431 ecclesiae
900 2375 945 2431 ca-¹

84 2460 183 2505 tlrolioae
199 2466 324 2517 pararetur.
356 2461 429 2505 Probe
446 2464 566 2519 perspexit,
584 2475 627 2519 quo
639 2461 749 2506 eiusmodi
764 2466 837 2510 studia
851 2466 941 2511 tandem

84 2554 181 2586 evasura
199 2544 290 2597 essent,
315 2541 428 2599 perspexit
451 2540 479 2584 ab
496 2541 608 2586 ecclesiae
629 2542 725 2587 inimicis
747 2545 819 2590 maius
838 2544 942 2592 damnum

84 2622 105 2665 ei
121 2634 167 2665 non
184 2618 277 2676 adferri,
294 2633 359 2679 quam
377 2619 421 2664 hoc
437 2620 505 2663 modo
522 2621 592 2666 abiis
610 2622 647 2679 qui
660 2622 807 2669 vehementer
817 2627 883 2670 unrici
893 2627 942 2672 eius

85 2715 136 2746 esse
154 2701 262 2747 volebant
277 2707 299 2746 et
315 2714 396 2747 revera
414 2701 470 2746 nihil
486 2702 528 2746 nisi
545 2703 626 2762 placita
644 2704 781 2749 Lamcnnuei
804 2705 942 2766 aliorumque

85 2796 127 2841 pro
154 2796 208 2828 vera
234 2783 346 2828 catholica
366 2783 469 2827 doctrina
493 2783 643 2829 venditabant.
663 2785 808 2830 Verissimum
827 2791 862 2831 est
882 2786 943 2845 quod

87 2865 188 2908 veterum
204 2861 284 2921 aliquis
301 2863 368 2908 dixit:
389 2862 442 2908 nulli
458 2862 529 2921 magis
546 2863 651 2924 religioni
666 2863 792 2910 catholicae
809 2872 943 2925 nocuerunt,

86 2954 152 3000 quarn
167 2941 206 3000 qui
223 2942 363 2987 celcementer
384 2942 458 2989 uideri
473 2943 551 2988 colunt
568 2944 685 2990 cotbolioit
716 2944 793 3003 ltaque
810 2946 838 2991 de
854 2945 942 3005 integro

87 3034 172 3068 nervos
187 3022 292 3081 viresque
309 3024 426 3069 contendit
437 3022 566 3069 llermesius
584 3029 607 3069 et
624 3029 669 3069 tam
682 3022 769 3070 fervido
779 3024 861 3081 studio,
880 3030 942 3071 tanto

88 3102 208 3160 splendore
224 3103 334 3149 lectiones
352 3105 447 3161 habuit,
471 3108 553 3160 quant-o
575 3118 687 3162 nunquam
710 3110 762 3149 ante
779 3105 894 3150 habuerat.
912 3136 942 3142 -

88 3181 133 3229 Sed
149 3182 293 3243 llernresius,
310 3185 347 3244 qui
370 3188 432 3244 „unis
455 3183 575 3230 voluntatis
591 3198 646 3230 suae
663 3185 747 3231 uiribus
763 3187 861 3234 nondum
877 3187 943 3248 plane
