1979 3399
225 439 340 502 Epistola
357 442 390 489 ad
405 441 531 490 delatores
548 442 681 492 Hernresti.

76 579 109 625 llo
125 581 193 640 igitur
208 581 252 627 iarn
270 588 360 629 ventum
377 588 418 641 est,
434 587 459 629 ut
474 583 584 632 Hermesii
601 587 703 633 doctrina
720 590 877 646 condemnata,

21 675 104 708 nornen
121 663 170 708 eius
185 666 341 723 proscriptum,
359 679 428 725 opera
444 671 466 710 et
481 665 572 711 labores
589 668 703 725 reprobati
719 669 770 713 sint.
790 670 876 714 Vestris

21 742 101 789 studiis
119 742 163 788 hoc
180 748 329 802 perpetratum
345 750 398 803 est,
419 751 519 791 vestrum
536 758 592 803 opus
609 752 651 791 est.
683 748 746 792 Beati
763 761 818 793 sane
834 760 876 794 vos

22 822 113 868 dicendi
129 823 200 879 estis,
229 824 248 868 si
264 824 393 870 llermesius
415 838 441 869 re
465 838 521 870 vera
538 830 582 871 tarn
599 826 752 885 obcoecatus,
775 829 876 873 veritatis

21 909 65 948 tarn
83 903 223 961 incuriosus,
239 905 358 962 superbiae
375 910 397 949 et
413 905 506 950 vanitati
521 910 565 949 tam
578 907 688 951 obnoxius
705 907 761 963 luit,
788 907 875 965 qualem

21 982 93 1027 Breve
110 995 160 1026 cum
178 982 311 1040 descripsit3
336 985 356 1029 si
377 982 497 1028 methodus
520 985 569 1028 eius
591 986 614 1028 in
639 985 720 1042 devia,
748 997 838 1029 errores
855 990 879 1029 et

21 1060 140 1106 mendacia
159 1062 249 1107 deducit
265 1064 337 1122 iisque
354 1064 442 1120 nititur,
460 1064 480 1107 si
498 1063 546 1108 eius
563 1068 660 1122 systema
679 1064 790 1109 eiusmodi
805 1064 879 1121 placi-

21 1143 57 1197 tIs,
73 1154 130 1199 quae
147 1142 220 1185 Breve
239 1141 356 1200 designat,
378 1147 453 1201 turget
476 1146 498 1186 et
515 1142 621 1187 abundat.
654 1143 677 1189 Si
693 1155 718 1186 re
737 1153 792 1186 vera
808 1154 877 1185 causa

21 1221 132 1265 Hermesii
147 1226 169 1265 et
188 1221 291 1266 doctrina
307 1222 341 1266 sio
360 1234 385 1267 se
401 1220 477 1278 habet,
493 1233 535 1266 vos
553 1222 645 1281 egregie
661 1222 735 1265 meriti
753 1221 814 1265 estis.
833 1220 880 1265 Vos

22 1302 82 1345 eninr
98 1299 202 1345 homines
218 1300 300 1346 hortati
316 1302 378 1358 estis,
397 1314 439 1346 vos
454 1301 601 1345 denotavisns
618 1301 711 1344 herbam
729 1300 878 1358 perniciosam

21 1381 66 1424 late
82 1384 208 1438 serpentem
226 1385 292 1439 atque
309 1380 426 1425 inanimis
449 1385 481 1424 tot
496 1380 586 1424 millium
606 1379 755 1424 luxuriantem
773 1380 876 1437 laeteque

20 1460 186 1503 increscentem
196 1460 201 1503 l

84 1538 154 1582 Porro
171 1537 214 1582 hos
226 1537 288 1597 ipsos
304 1548 345 1595 pro
360 1535 417 1581 virili
435 1540 498 1594 parte
516 1537 663 1594 excitavistis,
673 1541 697 1581 ut
713 1549 804 1581 errores
820 1549 879 1580 exu-

20 1624 77 1674 ant,
93 1618 187 1662 insidias
203 1617 237 1661 eis
254 1621 349 1661 structas
365 1615 479 1660 declinent
495 1629 522 1660 ao
537 1617 615 1662 salutis
632 1630 687 1661 suae
704 1622 810 1661 aeternae
827 1629 877 1659 rne-

21 1710 96 1742 mores
114 1709 165 1741 esse
182 1696 265 1750 velint3
285 1707 327 1739 vos
343 1699 433 1739 noctem
448 1694 530 1753 lumine
546 1694 696 1739 illustravistis
714 1700 736 1739 et
750 1695 878 1739 inhibuistis

21 1789 79 1836 quae
96 1775 211 1834 improbus
232 1776 275 1819 iste
299 1774 389 1832 ageret!
431 1773 555 1818 Laetamini
573 1779 595 1818 et
610 1774 736 1830 exsultate,
760 1779 880 1832 propterea

22 1855 82 1915 quod
100 1860 176 1898 vestra
195 1867 241 1898 vox
258 1852 333 1898 audita
353 1857 401 1908 est,
425 1852 486 1910 quod
501 1852 589 1912 gladius
608 1859 687 1898 acutus
708 1853 822 1897 Romanus
838 1867 881 1898 ve-

22 1942 68 1980 stra
85 1947 154 1993 opera
170 1933 199 1977 de
215 1933 299 1990 vagina
315 1931 435 1976 destrictus
454 1936 495 1975 est.
528 1931 595 1977 hlulta
611 1932 678 1976 millia
694 1932 820 1977 mortalium
837 1945 882 1977 vo-

23 2016 58 2061 bis
74 2014 227 2069 benedicent,
244 2011 317 2056 multis
336 2010 431 2055 millibus
447 2011 578 2069 voraginem
595 2011 728 2069 profundam
744 2015 882 2057 monstravi-

22 2095 76 2150 stis‚
94 2093 123 2138 ad
140 2107 206 2152 quam
222 2092 360 2137 festinarent.
392 2091 453 2148 Sane
469 2091 498 2134 ita
515 2090 590 2134 intimo
611 2096 702 2147 pectore
720 2091 810 2146 sentio,
835 2091 881 2133 ita-

23 2186 66 2232 que
80 2173 163 2229 iudico,
179 2173 199 2218 si
215 2171 317 2216 doctrina
329 2169 439 2215 Hermesii
458 2181 554 2212 erronea
567 2173 622 2224 erat,
636 2170 705 2213 missa
718 2167 769 2223 fiat3
787 2169 805 2212 si
818 2168 879 2212 Her-

23 2253 88 2298 mesii
110 2263 193 2310 scopus
217 2263 280 2296 sunm
302 2250 371 2307 ipsius
394 2248 506 2305 fastigium
531 2251 580 2290 erat
603 2251 625 2290 et
644 2247 725 2300 elatio,
751 2259 781 2290 ne
798 2259 881 2290 nomen

24 2332 113 2392 quidem
132 2332 179 2375 eius
196 2332 338 2374 memoretur.
365 2326 446 2369 Verum
463 2326 529 2369 unice
548 2326 675 2382 quaerimus
694 2331 717 2370 et
732 2331 822 2383 praeter
838 2339 882 2370 ve-

23 2426 71 2457 rum
87 2409 143 2455 nibil
159 2408 274 2454 volumus:
291 2405 350 2464 apud
367 2416 521 2462 quemcunque
537 2404 581 2447 hoc
598 2404 742 2462 invenietur,
762 2406 821 2464 grati
839 2418 882 2450 ac-

25 2493 125 2549 cipimus,
142 2489 268 2547 quicunque
286 2485 411 2544 praebebit,
429 2485 583 2529 benedicimus
601 2486 630 2542 ei,
647 2486 773 2544 quicunque
790 2491 882 2544 ereptu-

24 2585 62 2616 rus
79 2575 127 2626 est,
148 2569 207 2612 hunc
227 2579 364 2610 aversamur.
397 2564 445 2608 lloo
462 2576 504 2608 nos
520 2564 641 2619 sentimus,
663 2563 707 2608 hoc
723 2565 880 2622 praecipimus.

24 2648 109 2705 ltaque,
124 2644 143 2690 si
154 2642 265 2688 Hennesii
282 2642 385 2686 doctrina
398 2653 468 2697 prava
487 2645 528 2696 est,
545 2641 564 2684 si
582 2642 629 2686 eius
647 2643 767 2687 methodus
784 2647 806 2686 et
822 2644 880 2687 ratio

24 2727 47 2770 in
63 2734 152 2770 errores
171 2719 263 2775 inducit,
279 2719 299 2762 si
316 2719 364 2762 eius
381 2715 454 2762 studia
469 2731 531 2762 suam
548 2719 617 2775 ipsius
633 2720 817 2777 magnitudinem,
834 2734 881 2765 non

24 2808 142 2851 veritatem
158 2799 323 2859 quaesiverunt,
339 2797 436 2842 libenter
453 2797 513 2842 illum
530 2798 647 2852 mittimus3
667 2810 713 2841 non
728 2798 882 2854 inHermesii,

25 2897 71 2929 non
87 2885 110 2928 in
125 2879 227 2939 magistri
241 2877 311 2921 verba
327 2876 439 2931 iuramus,
461 2876 484 2920 in
501 2877 617 2921 veritatem
637 2876 705 2920 unice
720 2877 834 2933 iuramus,
858 2883 882 2922 et

26 2962 71 3008 heu
88 2963 193 3007 miseram
209 2957 280 3003 nostri
296 2954 460 3011 conditionem,
481 2955 524 2999 nisi
539 2954 655 2998 veritatem
672 2959 696 2998 ut
711 2967 820 2999 summum
837 2955 883 3002 bo-

27 3054 106 3087 norum
124 3050 267 3085 veneramur.
300 3034 380 3078 Vincat
395 3035 494 3089 veritas,
512 3037 589 3091 pereat
606 3045 671 3076 error
688 3037 711 3077 et
727 3035 883 3082 mendacium:

28 3120 85 3165 haec
101 3125 179 3165 nostra
194 3123 281 3163 tessera
298 3117 340 3170 est,
356 3113 414 3157 haec
432 3125 496 3157 mens
508 3116 541 3156 est
554 3110 636 3154 Christi
652 3102 746 3171 eiusque
763 3116 883 3171 ecclesiae,

27 3200 50 3245 in
65 3201 110 3247 hoc
125 3203 236 3254 iuramus,
268 3195 319 3239 huic
342 3191 498 3252 indulgemus,
521 3190 573 3234 huic
592 3189 710 3249 indulgere
734 3194 827 3250 primum
849 3201 883 3239 est
