1979 3399
432 126 467 133 -
508 91 635 149 aasz

99 253 149 285 111111
174 253 231 286 rinos
248 238 405 285 schismaticus
423 238 479 284 alter
507 239 617 284 lunaticus
640 242 697 284 erat.
729 233 746 283 li
769 243 842 284 autem
866 250 911 283 non
934 237 962 281 ab

100 321 189 367 occulto
209 320 305 379 quodam
325 319 435 379 delatore,
453 320 493 366 sed
511 320 538 365 ab
551 322 603 380 ipso
620 319 739 366 Bonilacio
757 319 815 378 apud
831 317 963 364 Zachariam

100 416 207 447 smmnunr
228 402 515 458 pontificemaccusantur.
537 401 661 447 Concilium
671 402 757 446 Rornae
770 400 873 457 1111111111,
889 396 964 444 iubet-

101 496 144 541 que
161 496 260 528 snmnms
275 483 378 541 pontifex
395 485 509 529 incorum
528 484 654 529 doctrinam
670 484 761 542 inquiri,
778 496 850 542 caque
868 481 963 525 damna-

100 568 142 622 tur.
174 564 222 610 Nec
238 565 273 609 sic
292 576 361 610 causa
377 564 439 610 smila
455 571 495 610 est.
518 564 573 610 Nam
590 565 678 609 etiamsi
695 564 726 609 illi
740 564 763 608 in
781 565 830 622 ipsa
846 562 906 607 Urbe
922 573 964 606 so-

99 644 197 689 lenniter
214 649 291 689 essent
303 644 455 702 condemnati,
471 658 568 691 surnmns
586 650 661 689 tamen
675 644 778 702 pontifex
793 644 901 700 deinceps
911 642 961 685 ius-

100 726 136 780 sit,
154 730 178 769 ut
194 725 217 769 in
235 724 332 770 concilio
348 725 459 771 Francico
478 738 545 771 causa
562 724 590 769 de
607 725 696 784 integro
713 726 736 769 in
753 737 848 770 examen
865 735 965 775 siccare-

100 808 136 849 tur
143 820 149 860 3
171 809 237 864 atque
261 805 281 850 si
306 806 372 850 ctiam
391 805 468 850 ibide
490 818 516 850 ea
534 805 628 864 transigi
645 817 691 850 non
706 810 798 863 posset,
819 817 897 848 rursus
915 816 965 847 cam

101 885 187 930 Romae
215 899 267 931 esse
289 886 470 930 examinandam.
503 885 581 945 Neque
598 884 655 930 haee
672 898 685 929 a
704 885 813 944 dignitate
827 895 871 930 vsua
890 883 964 928 aliena

101 979 154 1011 esse
172 966 264 1026 putavit.
296 964 390 1023 Scripsit
412 965 435 1009 in
456 963 516 1023 lrunp
533 964 857 1023 modum'summuspontilex
876 963 965 1009 Zacha-

101 1049 161 1093 rias:
179 1046 219 1105 „m
235 1045 286 1090 dum
301 1044 346 1090 hac
363 1044 391 1089 de
407 1059 433 1090 re
447 1044 514 1090 fuerit
530 1050 693 1105 congregatum
709 1045 848 1102 Concilium,
864 1029 893 1088 ad
910 1057 961 1087 me-

104 1127 173 1172 dium·
184 1125 452 1185 deducantur->sacrilegi
475 1125 513 1170 illi'
528 1130 550 1170 et
567 1130 711 1171 contumaces
728 1124 863 1170 Adelbertus
880 1124 964 1170 111111-

105 1207 218 1252 dalsacius
234 1210 257 1250 et
271 1205 374 1250 Clemens
391 1205 529 1264 exepiscopi,
543 1210 567 1250 ut
586 1218 664 1251 eorum
684 1206 765 1261 denno·
776 1204 852 1252 sicario
867 1204 965 1262 indican-

101 1287 163 1330 tioae
180 1284 296 1330 cribrator
309 1297 386 1330 causa.
396 1306 399 1322 π
411 1313 441 1320 -
458 1312 489 1320 -
505 1313 536 1319 —
560 1286 599 1331 Sin
619 1290 703 1330 autem-
715 1286 738 1329 in
757 1285 862 1343 superbia
881 1285 965 1342 persti-.

104 1367 180 1423 ierint,
203 1365 367 1409 contumaciter
388 1362 562 1423 proclamantes·
587 1377 613 1408 se
636 1378 690 1409 reos
705 1377 751 1409 non
766 1377 826 1422 esse,
844 1360 965 1409 tunc'cum

103 1445 268 1506 probatissimis
285 1448 351 1504 atquc
367 1443 547 1502 prudentissimis
564 1444 722 1491 socerdotibus
739 1444 827 1491 duobus
840 1451 877 1489 aut
893 1446 964 1490 tritius

105 1525 235 1587 praedictos
254 1523 282 1569 ad
298 1537 341 1569 nos
359 1524 460 1583 dirigatis
477 1525 547 1579 uiros,
563 1529 587 1569 ut
595 1525 713 1584 profundo
729 1525 872 1582 circumitione
888 1539 966 1570 corona

106 1607 160 1652 sade
176 1605 303 1664 apostolica
318 1618 396 1649 corum
411 1604 540 1661 inploratur
556 1618 629 1650 caiisa
645 1609 668 1649 et
686 1607 747 1651 iuxta
763 1607 828 1665 quod
846 1607 968 1652 meruerint

109 1687 176 1732 smem
193 1686 328 1742 suscipiant<
341 1689 368 1740 ¹).

174 1766 230 1811 llum
246 1765 314 1824 igitur
334 1763 456 1808 Petronius
476 1764 598 1807 etiamnum
615 1764 663 1808 iure
681 1764 781 1809 scribere
796 1764 900 1821 videtur,v
910 1764 969 1809 ller-

107 1847 222 1891 mesianos
244 1845 293 1889 vias
309 1848 422 1889 tortuosas
435 1842 512 1887 iniisse
533 1847 555 1887 et
571 1843 712 1888 commisisse
730 1857 788 1902 quae
803 1858 877 1902 poena
897 1844 966 1903 digna

108 1927 204 1971 essent?
220 1926 279 1971 Sane
296 1924 315 1969 si
333 1922 378 1969 hoc
394 1926 425 1968 ita
441 1928 483 1980 est,
501 1929 545 1968 turn
562 1937 640 1968 omnes
657 1923 695 1980 1111,
712 1938 769 1983 quos
782 1925 850 1970 modo
862 1925 965 1979 vidimus,

110 2007 190 2053 summi
207 2004 325 2064 pontifices
348 2004 416 2049 etiam
437 2006 502 2063 atque
520 2003 617 2049 eoncilia
635 2017 648 2048 a
663 2007 727 2048 recta
741 2004 778 2049 uia
797 2003 967 2050 declinaverunt

107 2094 130 2135 ct
147 2087 307 2134 commiserunt
325 2098 382 2146 quae
400 2098 480 2145 poena.
492 2085 560 2144 digna
578 2091 663 2131 essent.
695 2085 751 2132 Nam
767 2099 824 2146 quae
845 2100 858 2131 a
877 2087 968 2131 sunnnis

108 2167 410 2229 pontificibusconciliisque
426 2167 471 2211 iam
488 2167 593 2226 inquisita
609 2171 681 2224 erant,
698 2180 755 2227 qnae
771 2167 892 2228 ahsummis
905 2179 966 2225 pon-

109 2247 205 2293 tificibus
232 2245 379 2304 conciliisque
405 2246 449 2292 iam
468 2232 568 2290 ‘iudicata
593 2249 667 2302 erant,
692 2246 721 2290 de
743 2247 831 2305 integro
859 2246 888 2290 ad
911 2251 976 2290 exa:

110 2329 301 2382 memorarunt,
325 2325 437 2384 iidemque
460 2325 537 2383 culpae
560 2329 582 2370 et
598 2324 705 2371 facinoris
722 2338 815 2383 corum,
834 2328 872 2386 qni
887 2339 968 2372 novam

112 2407 280 2466 inquisitionem
299 2403 455 2461 postulabant,
477 2405 610 2453 societatem
635 2404 744 2448 inieruntl
772 2404 827 2449 Nam
846 2406 865 2450 si
885 2410 970 2465 pugnat

112 2500 163 2533 cnm
181 2484 285 2529 doctrina
303 2481 414 2526 catholica
430 2494 512 2525 novam
533 2481 700 2538 inquisitionem
718 2482 826 2542 flagitare,
842 2499 892 2531 eam
911 2500 969 2532 con-

113 2566 197 2614 cedere
221 2577 271 2609 cum
298 2561 377 2608 eadem
402 2560 505 2605 doctrina
521 2564 605 2621 pugnet
621 2574 717 2608 neccsse
734 2567 774 2610 cst.
808 2564 970 2620 0111111111-

111 2646 208 2695 mesiani
225 2657 238 2689 a
255 2648 318 2689 recta
341 2643 378 2687 via
402 2640 570 2686 declinaverunt
593 2647 615 2686 et
638 2657 695 2702 quae
717 2658 792 2703 poena
809 2646 876 2706 digna
894 2652 970 2692 essent

114 2728 280 2782 commiserunt,
295 2724 354 2769 idem
367 2721 487 2767 dicendum
499 2723 541 2766 erit
553 2722 581 2767 de
593 2725 685 2770 summis
699 2725 819 2786 theologis,
836 2729 872 2787 qui
885 2728 970 2789 Orige-

112 2822 164 2853 nem
188 2807 288 2866 quamuis
306 2818 319 2849 a
336 2802 433 2849 concilio
457 2804 603 2848 oecumenico
625 2804 797 2851 condemnatum
812 2807 969 2865 defenderunt,

114 2889 192 2934 Siccius
217 2885 337 2941 Senensis,
362 2883 430 2928 Picus
447 2880 628 2942 lllirondoloous,
646 2885 818 2945 Genebrcrdas,
841 2888 970 2934 Helloiaius

114 2967 231 3015 societatis
248 2966 298 3010 lesu
314 2963 450 3023 theologus,
469 2960 516 3006 loli.
533 2962 633 3009 1111111111
650 2964 794 3024 licaoniis,
817 2967 840 3013 lri
859 2984 936 3017 omncs
957 2984 970 3015 a

114 3054 177 3095 rocta
192 3048 229 3093 via
243 3045 411 3092 declinaverunt
428 3048 450 3087 ct
467 3044 625 3090 commiserunt
640 3058 697 3104 quac
713 3059 787 3106 poena
803 3047 870 3108 digna
887 3057 969 3098 essent,

160 3230 178 3279 1)
196 3229 279 3279 Epistola
296 3230 314 3267 S⁴
331 3229 437 3275 Bonilacii,
453 3228 511 3279 epist:
526 3228 551 3265 ti
567 3229 762 3271 allicitur-dovein.
