1979 3399
415 74 618 125 -154-

83 218 105 258 et
126 212 248 272 aaronisestc
267 215 324 271 finiit
347 212 475 270 amanded
514 213 564 257 Non
586 210 662 255 licebit
685 211 738 266 tibi,
758 213 862 271 inquam,
888 210 946 255 llaec

85 294 232 353 eiusdemque
255 292 346 351 generis
364 291 445 348 multa,
463 304 520 351 quae
539 291 638 338 Seberus
655 288 738 345 docuit,
755 292 840 348 Romae
857 290 946 349 publice

86 373 193 433 proliteri.
225 370 343 425 Quomodo
371 372 439 431 igitur
464 371 616 429 suspicionem
637 370 660 414 in
684 370 824 414 Hermesium
846 372 946 416 excitare

86 454 173 508 andes,
197 456 318 510 propterea
342 452 402 511 quod
426 454 445 498 is
462 455 485 498 in
503 453 588 498 Sebero
606 464 652 495 non
668 449 765 508 probat,
783 462 840 508 quae
855 454 879 494 tu
897 450 947 508 ipse

86 538 123 579 aut
142 532 255 590 improltas
272 536 310 576 ant
326 532 455 592 improbare
473 539 534 581 certe
552 532 639 578 debes‘l
655 530 725 575 Porro
744 527 796 588 quid
812 531 947 589 postulabat,

83 618 108 658 ut
122 613 253 658 Hennesins
278 625 329 656 cum
345 612 447 672 Selrero,
463 626 552 659 aenon
568 612 667 658 Seberns
686 623 735 654 cum
752 610 871 665 llerrnesio
889 624 947 656 con-

87 694 204 741 sentiret?
219 692 350 739 Hermesins
369 694 460 739 omnino
478 693 506 738 ad
523 692 690 752 praelectiones
706 689 850 736 academicos
866 691 947 737 diutius

86 777 220 821 incubuerat
238 790 303 834 quam
319 776 423 834 Sebcrus,
440 777 500 823 idem
515 777 602 821 maiore
619 775 736 820 decumae
752 774 812 819 lama
825 776 948 828 auctorita-

91 861 158 917 teque
177 857 273 903 florebat
298 857 357 916 apud
381 857 501 917 theologos
524 871 589 917 quarn
610 856 716 913 Selrerus,
732 857 768 900 cui
793 857 881 901 etiamsi
902 870 948 901 non

88 932 205 998 ingenium
221 942 295 982 lamen
311 938 380 983 otinnr
400 937 477 995 deluit,
494 944 518 982 ut
534 939 557 982 in
571 937 605 982 liis
621 936 755 982 difficillimis
771 936 948 996 studiis'qnilaus

88 1031 160 1077 nuper
176 1017 296 1062 admodum
312 1030 337 1062 se
361 1017 456 1063 dederat
477 1019 605 1077 proliceret.
637 1017 687 1076 lpse
703 1017 764 1073 iarn,
781 1017 799 1061 si
817 1030 864 1062 non
881 1029 948 1062 omne

89 1100 139 1144 veri
156 1098 251 1144 studium
268 1098 378 1156 abiecisti,
395 1098 539 1155 intellexeris,
556 1112 622 1158 quarn
639 1098 670 1143 sis
686 1097 830 1156 praeiudiciis
848 1110 950 1156 occupa-

90 1184 134 1224 tus.
167 1179 190 1225 si
207 1178 337 1223 Hermesius
353 1179 476 1224 Loranium
494 1179 653 1235 discessisset,
670 1179 690 1224 si
708 1178 837 1223 Hennesins
853 1178 877 1222 in
899 1177 950 1223 col-

91 1260 152 1320 legio
166 1260 322 1319 philosophico
332 1259 469 1306 Loraniensi
478 1261 614 1319 professoris
626 1273 705 1304 munus
721 1260 866 1319 suscepisset,
885 1272 949 1318 quam

91 1338 239 1386 vehementer
270 1346 293 1386 tu
318 1345 444 1400 tyrnpanum
470 1341 604 1400 suspicionis
625 1341 742 1386 inflaturos
766 1351 845 1398 esses,
871 1340 951 1398 quibus

94 1420 208 1466 coloribus
225 1420 346 1480 collegium
361 1421 414 1465 illud
430 1422 622 1482 philosophicum,
645 1424 707 1467 cuius
723 1433 806 1466 nomen
824 1420 903 1467 Seberi
919 1419 951 1464 tui

94 1513 164 1545 causa
181 1499 226 1545 lroc
241 1500 293 1545 loco
308 1500 431 1559 prudenter
446 1500 580 1559 supprimis,
597 1501 726 1560 depicturus
743 1513 816 1559 esseS,
839 1499 952 1559 qcromodc

91 1584 211 1626 vexaturus
224 1592 267 1626 nos
279 1593 343 1626 esses
355 1586 378 1625 et
390 1582 465 1626 omnia
479 1586 657 1640 enumeraturus,
669 1596 726 1641 (prae
739 1581 880 1638 sacerdotes
893 1593 951 1639 quac

93 1661 195 1719 episcopi
212 1660 296 1719 Belgae
311 1661 335 1705 in
354 1661 413 1706 hanc
430 1661 530 1707 scholam
545 1662 615 1708 inoliti
631 1664 690 1709 sint!
714 1663 833 1717 Quomodo
855 1667 880 1707 tu
896 1675 954 1707 can-

95 1744 181 1785 taturus
200 1751 273 1795 esses,
290 1741 408 1799 episcopos
425 1741 543 1800 Belgarum
560 1743 644 1787 nemini
660 1755 739 1788 manus
757 1743 899 1800 imposuisse,
916 1742 954 1801 spui

94 1820 118 1866 in
133 1820 179 1865 hoc
200 1819 297 1878 collegio
313 1819 484 1878 philosophico,
507 1822 530 1866 in
552 1821 618 1867 lnrins
634 1823 713 1869 Seberi
731 1823 845 1868 auditoriis
862 1823 954 1881 praele-

94 1901 181 1944 ctiones
200 1899 319 1945 audisset?
344 1901 442 1947 Seberus
466 1906 538 1946 autem
563 1902 674 1947 llennesii
690 1903 833 1949 adversarms
852 1907 914 1960 erat,
932 1908 954 1947 et

94 1980 153 2025 haec
168 1992 212 2024 una
230 1981 300 2025 virtus
316 1993 393 2026 coram
411 1985 433 2025 te
450 1986 511 2026 tanta
529 1983 625 2040 videtur,
641 1997 699 2042 quae
710 1997 789 2030 omnes
803 1989 892 2029 ceteras
904 1997 955 2028 nra-

96 2061 159 2105 cules
177 2060 258 2105 abluat.

155 2140 255 2198 Narras,
277 2141 371 2199 ,multos
395 2140 466 2187 fnisse
491 2144 528 2201 qui
549 2143 629 2190 Scheri
653 2143 777 2189 discessum
801 2144 855 2188 vitio
877 2141 958 2186 darent

97 2219 224 2276 Herrnesio,
240 2226 285 2266 tum
303 2221 363 2280 quod
379 2222 398 2266 is
413 2235 533 2280 nunqnam,
554 2225 574 2268 si
591 2224 619 2269 oli
640 2224 765 2269 doctrinam
782 2227 956 2283 oppugnaretur,

99 2300 128 2343 ad
145 2300 314 2345 concedendum
336 2306 450 2359 promptus
474 2308 553 2360 esset,
577 2308 622 2348 tum
638 2310 730 2363 propter
752 2305 836 2349 lactum
857 2301 958 2361 aliquod,

101 2378 162 2437 quod
177 2378 237 2423 illum
253 2379 330 2424 ultimo
348 2380 394 2424 ictu
409 2383 562 2437 protruser·it.“

161 2458 218 2503 Num
235 2457 293 2502 adeo
313 2463 337 2501 tn
354 2458 508 2515 professorum
524 2465 546 2504 et
567 2460 684 2506 doctorum
700 2460 799 2507 indolem
814 2475 841 2507 ac
857 2472 958 2506 corrsne-

101 2537 202 2583 tudinem
223 2550 268 2582 non
285 2537 387 2593 novisti,
405 2549 458 2580 num
476 2542 521 2581 tarn
536 2552 614 2596 parurn
631 2544 653 2584 le
670 2543 742 2600 ipsum
756 2543 858 2598 novisti,
875 2546 900 2586 ut
913 2553 958 2585 ne-

99 2619 169 2676 scias,
187 2631 252 2677 quam
269 2616 416 2662 uehementer
431 2616 463 2661 illi
477 2644 506 2651 —
518 2620 617 2677 exceptis
631 2621 659 2665 iis
676 2624 712 2681 qni
728 2622 888 2682 persuasiones
904 2634 958 2671 suas

99 2699 228 2744 advenum
246 2701 362 2759 exponunt
380 2724 411 2729 —
430 2696 558 2741 concedere
574 2698 726 2758 abhorreant,
750 2696 815 2748 si'ob
833 2701 958 2747 doctrinam

100 2785 123 2824 et
138 2780 220 2838 placita
236 2791 277 2823 sua
294 2776 472 2837 oppugnantur?
514 2777 546 2822 Tu
563 2777 600 2822 ille
618 2791 658 2836 es,
683 2779 721 2838 qni
735 2780 846 2826 Hermesii
862 2785 959 2826 senten-

98 2860 142 2904 tias
154 2860 212 2904 male
231 2859 381 2912 corruerteris,
399 2856 423 2901 id
442 2855 502 2914 qnod
517 2856 661 2903 Elvenichius
680 2864 724 2903 tarn
742 2859 862 2905 maniiesto
879 2866 959 2906 osten-

101 2939 137 2996 dit,
154 2945 177 2983 ut
194 2939 295 2984 dubitare
311 2951 378 2983 nerno
395 2936 475 2995 possit,
492 2936 535 2981 nisi
552 2938 589 2995 qui
603 2939 721 2983 veritatem
736 2941 816 2997 qrroris
834 2941 902 2986 modo
916 2942 960 2994 ab·

99 3033 185 3078 negare
201 3017 260 3077 aprrd
282 3030 308 3062 se
326 3016 474 3062 constitnerit.
515 3015 623 3074 Discipuli
643 3018 675 3062 tui
690 3018 785 3063 Romani
807 3032 959 3065 asseverare-

100 3104 158 3154 runt,
176 3104 198 3143 te
215 3096 344 3143 confessum
363 3109 415 3142 esse
443 3100 633 3154 errorerntnnm,
656 3098 716 3157 iique
740 3097 764 3142 id
785 3098 857 3157 ipsum
882 3112 959 3144 coram

102 3180 206 3239 episcopo
223 3178 351 3224 trevirensi
375 3176 473 3237 professi
495 3182 559 3234 scint,
588 3182 654 3237 nique
672 3194 685 3225 a
702 3178 787 3225 diurnis
804 3180 958 3226 Sclralnabur-
