1979 3399
357 121 561 175 -ico—

40 261 77 320 qui
99 260 142 305 bae
160 263 182 306 in
199 275 225 307 re
242 263 334 309 obtinet..
374 264 505 325 Legitimam
526 264 585 308 enim
602 261 791 323 approbationem
818 275 894 306 eorum

40 342 77 400 qni
95 342 117 386 in
134 343 274 403 amplissimis
291 345 404 390 eeclesiae
421 345 565 404 dignitatibus
589 350 639 390 sunt
656 344 778 400 constituti,
796 342 896 388 sanetis-

39 426 95 471 simo
113 426 176 471 Patre
193 440 239 471 non
257 431 367 486 excepto,
384 426 474 471 taoaaraisi
489 426 627 471 catechismis
645 432 666 471 et
679 426 772 485 scriptis
792 439 851 485 price
866 425 896 470 ti-

39 507 141 566 tnrpiona,
157 505 303 566 disciplinam,
317 520 399 565 preces
413 510 523 564 spectant,
540 506 581 552 sed
598 519 711 565 attiitpnont
727 506 895 553 collectionibus

39 601 99 633 eriere
117 586 240 641 historicis,
260 586 356 632 concedi
373 586 445 631 licet«

101 668 268 727 Chronologiea
285 672 307 712 ct
323 667 438 712 succincta
455 666 576 728 descriptio
597 666 743 713 conciliorum
760 671 893 714 oecumeni-

39 761 116 794 corum
141 748 201 794 baud
223 747 289 793 dubie
315 750 338 793 in
364 747 436 792 clectis
454 746 560 805 operibus
578 745 698 792 reserenda
718 755 771 805 est,
796 749 893 809 ideoque

39 830 140 889 episcopi
158 831 180 875 ei
196 830 271 887 libro,
296 828 397 888 rprarnris
414 842 427 873 a
444 841 469 871 se
487 827 663 886 cornrnendato,
684 833 708 873 ut
724 829 823 875 editores
839 843 894 876 nar-

39 913 97 966 rant,
116 908 144 954 ob
161 922 250 954 causam
265 902 411 953 menmratam
424 906 608 966 approbationem
624 909 744 969 legitimam
761 910 821 956 haud
836 925 894 957 con-

40 994 163 1034 cesserunt.

99 1070 134 1115 Ex
149 1070 183 1115 his
200 1069 341 1114 manifestum
357 1054 400 1113 iam
418 1073 459 1125 est,
476 1068 576 1129 collegas
594 1070 679 1117 onliiris
698 1070 820 1133 theologici
831 1072 895 1117 Bon-

37 1153 114 1196 nensis
130 1152 240 1195 maiorem
256 1151 415 1194 inummitatem
433 1162 542 1193 censurae
560 1163 601 1208 pro
620 1152 708 1210 scriptis
725 1167 738 1198 a
756 1167 781 1199 se
798 1153 893 1199 edendis

38 1246 84 1277 non
100 1245 211 1292 rogasse,
239 1244 304 1290 tpuam
323 1231 381 1289 lepes
398 1230 462 1287 ipsce
479 1231 506 1275 iis
525 1215 686 1279 concederent.
719 1235 779 1293 Sed,
803 1241 896 1295 quaerat

38 1313 133 1372 aliquis,
157 1324 197 1356 cur
215 1310 245 1355 illi
262 1311 380 1377 impetrare
397 1309 531 1366 studebant,
556 1311 616 1370 qirod
641 1312 704 1372 leges
722 1315 764 1359 iam
783 1315 895 1361 deereve-

38 1395 103 1441 rant?
133 1391 169 1437 Ad
183 1404 248 1450 quam
265 1390 419 1449 quaestionem
436 1389 488 1447 quid
504 1392 653 1448 respondeam
668 1407 713 1437 non
732 1394 813 1440 babeo.
836 1396 894 1440 For-

38 1482 97 1520 tasse
120 1472 193 1518 ordini
215 1471 353 1530 incognitum
375 1474 424 1514 erat
445 1472 478 1513 ius
497 1473 647 1529 canonicum,
672 1475 732 1532 qnod
757 1476 779 1520 in
802 1478 892 1522 sinistra

38 1554 109 1600 ltlreni
125 1555 172 1612 ripa
188 1552 321 1608 obtinebat,
346 1564 396 1596 oum
414 1563 491 1596 ornnes
516 1551 632 1612 collegae,
658 1555 755 1611 quitum
774 1559 795 1601 in
814 1558 893 1603 ordine

39 1641 110 1693 eramt,
129 1648 158 1679 ex
174 1634 223 1679 aliis
240 1632 373 1678 Gennaniac
389 1632 489 1691 partibus
505 1634 584 1678 adsciti
601 1641 689 1691 essent3
718 1637 813 1682 tortasse
828 1639 894 1683 etiam

39 1717 87 1762 illas
106 1721 195 1760 veteres
214 1726 324 1759 censurae
346 1712 410 1772 leges
426 1712 469 1758 hac
486 1714 521 1758 ria
541 1716 652 1761 sustinere
671 1717 728 1762 ordo
745 1718 827 1776 voluit,
844 1733 893 1764 cum

39 1811 67 1843 co
84 1802 183 1856 tempore
202 1796 224 1839 in
235 1794 343 1839 Bornssia
359 1807 434 1839 norae
450 1794 514 1854 loges
531 1795 559 1840 de
574 1796 637 1841 lilnis
654 1799 773 1844 censendis
791 1802 895 1846 conscri-

38 1878 153 1935 berentur,
171 1889 229 1935 quae
245 1889 274 1920 ne
291 1876 413 1935 prodirent,
429 1891 442 1921 a
460 1876 533 1921 inultis
551 1877 680 1923 timebatur.

101 1959 221 2003 Perronins
238 1969 332 2001 narrare
347 1958 435 2017 porgit:
472 1971 473 1975 ¹

68 2040 95 2095 3)
112 2038 211 2097 „Quodsi
229 2038 345 2095 acciderit,
361 2043 385 2081 nt
399 2036 518 2095 professor
534 2037 613 2093 alirpris
627 2037 730 2082 haeresis
746 2041 837 2083 nomine
854 2055 894 2085 ac-

134 2125 232 2177 cusetur,
249 2120 330 2163 electio
347 2118 385 2162 fiat
401 2118 484 2175 aliquot
501 2117 691 2174 consiliariorum,
718 2132 810 2176 iptorum
829 2121 896 2165 (lirni-

132 2201 168 2245 dia
185 2213 237 2258 pars
254 2200 281 2243 ab
299 2200 422 2257 episcopo,
450 2198 519 2241 altera
539 2197 566 2240 ab
583 2211 611 2241 eo
630 2200 666 2254 oiri
685 2205 804 2244 accusatur
819 2204 895 2246 nomi-

132 2285 204 2325 natur.
234 2279 342 2325 Iudicium
355 2277 422 2322 finale
439 2277 589 2335 inquisitionis
608 2278 635 2322 ad
654 2279 742 2323 civilem
761 2287 895 2339 potestatem

131 2360 281 2416 (haereticam
305 2364 328 2403 ut
351 2360 453 2404 omnilms
476 2365 552 2403 notum
575 2365 620 2415 est)
644 2361 772 2419 mittantur,
799 2368 823 2409 ut
846 2364 894 2422 ipsa

131 2443 159 2487 do
176 2447 282 2487 accusato
300 2454 425 2501 supremum
442 2441 548 2486 iudicium
565 2440 642 2487 l'er·at.“

103 2523 240 2568 llacretica‘l
271 2522 367 2567 Putasne
384 2527 407 2565 tu
423 2522 515 2567 Pcrroni
532 2525 636 2580 potestati
659 2524 717 2567 cirili
740 2523 891 2569 obedientiam

40 2604 196 2660 praestandam
212 2616 262 2647 esse
278 2603 330 2651 licet
346 2603 393 2660 ipsa
410 2616 480 2661 penes
498 2603 626 2652 haereticos
643 2605 688 2649 sit‘t
719 2605 755 2648 An
774 2609 796 2648 tu
815 2605 892 2660 doces,

42 2686 158 2730 catholicis
175 2684 241 2729 talem
260 2682 411 2727 obedientiam
428 2688 543 2740 praestare
560 2696 607 2728 nrm
625 2683 710 2741 licere,
733 2698 760 2727 an
783 2689 806 2727 tu
824 2683 893 2728 doces

41 2761 103 2822 leges
121 2765 170 2809 talis
192 2766 309 2824 potestatis
326 2764 396 2809 civilis
412 2778 463 2809 esse
480 2763 628 2823 negligendas
647 2767 713 2821 atque
730 2763 893 2822 intiingendas,

40 2854 68 2885 an
85 2849 107 2888 tu
124 2846 157 2890 ris
175 2851 198 2890 ut
215 2859 227 2889 a
245 2844 325 2890 talibus
339 2846 438 2903 imperiis
455 2846 566 2901 deiciant,
584 2856 644 2889 arma
658 2843 679 2886 in
698 2857 724 2886 ea
742 2845 891 2887 comedant?

40 2920 62 2965 Si
74 2925 95 2966 tu
105 2924 157 2968 talia
170 2923 247 2981 doces,
265 2924 366 2968 docmina
376 2929 412 2968 tna
423 2929 445 2968 et
458 2924 574 2969 doetrinae
587 2922 711 2967 catholicae
726 2923 857 2967 auctoritate
869 2930 892 2969 ct

43 3000 150 3049 historiae
167 3019 247 3050 sacrae
264 3004 365 3062 pondere
382 3008 403 3047 et
419 3018 553 3049 summorum
571 3001 696 3062 pontificum
714 3002 810 3048 oraculis
826 3011 893 3066 atque

42 3085 147 3143 tixerriplis
159 3087 292 3145 reprobatur
304 3091 370 3145 atque
382 3085 509 3131 danmaturi
522 3087 565 3132 Sed
576 3088 599 3128 ut
610 3082 638 3126 ad
649 3095 695 3125 rem
707 3072 777 3141 ipsam
789 3094 893 3133 reverta-

42 3177 96 3221 mur,
114 3172 137 3210 ιιι
148 3167 175 3211 de
186 3183 213 3212 ea
225 3169 272 3226 ipsa
283 3167 366 3210 rectius
377 3168 507 3224 sentiamus,
524 3179 568 3210 non
589 3164 684 3207 alienum
700 3165 742 3208 erit
757 3168 892 3228 circumspi-

43 3256 101 3301 rerc,
119 3259 175 3304 quae
187 3249 208 3292 in
221 3248 269 3293 aliis
286 3248 350 3292 terris
361 3247 498 3293 Gerananiois
515 3261 527 3291 a
545 3246 602 3291 civili
618 3250 727 3303 potestate
744 3249 765 3292 in
783 3251 891 3294 eiusmodi
