1979 3399
402 81 639 137 *esf

28 219 31 222 ’
52 223 89 269 die
108 220 228 283 (protann‘is
250 226 295 268 tola
318 220 494 275 Christianorum
517 217 615 262 societas
639 215 713 260 (leuno
731 216 831 260 laetatur.
865 212 913 257 Vo-

50 318 100 350 111111
123 319 168 350 non
186 306 238 350 sola·
255 302 403 360 redemptoris
422 300 525 355 victoria,
542 300 610 344 etiam
626 302 704 341 nostra
722 297 821 355 ipsorum
839 295 914 340 letici-

51 390 86 430 tas
103 385 167 431 huius
184 385 281 429 laetitiae
298 386 433 427 causaest:
457 394 508 425 nam
526 380 596 438 ipsius
613 378 640 422 dc
663 382 734 422 nrorte
751 376 913 421 resurrectioni

50 472 152 512 nostram
167 465 289 519 dehemus,
311 461 381 521 ipsius
409 461 437 506 de
461 461 538 506 inl'eris
555 460 664 505 uictoriae
680 462 780 502 nostram
797 456 912 505 dehemus.

52 547 152 592 Cirristns
174 545 218 589 nisi
244 543 272 588 dc
293 547 367 589 morte
388 543 572 598 resurrexisset,
583 553 627 585 nos
644 551 722 585 omnes
746 537 913 596 spedestitnti,

51 628 101 671 sore
118 631 142 670 ut
158 631 259 670 nostrum
274 637 356 685 eorpus
374 638 403 669 ex
418 623 535 683 putredine
553 635 649 681 unquam
665 621 773 681 prodiret,
793 618 913 664 luissemns

51 707 169 761 morituri;
183 707 232 764 ipse
250 705 295 749 nisi
311 701 356 749 rim
373 703 457 750 interni
471 707 613 760 superasset,
632 715 682 746 nos
699 686 777 746 ornnes
793 701 912 745 etiannrunr
959 762 962 765 r

51 788 74 831 in
92 790 204 845 potestate
215 785 298 830 diaboli
313 797 423 837 essemus,
439 785 461 827 in
479 797 544 841 qnam
563 787 657 841 peccato
671 782 836 828 incideramus:
852 794 913 826 rrmrs

51 872 128 911 nestra
146 866 249 909 1111111111)
267 865 327 909 soret
339 877 368 908 eu
384 864 465 908 misera
483 864 528 907 rita
545 868 635 907 terrena
653 862 681 907 ad
697 861 842 906 infortunium
854 875 914 906 nun.

28 973 30 975 v
53 961 119 1005 quarn
136 946 265 990 desiturum.
281 922 396 998 silnanus
414 944 481 1002 igitur
497 942 605 988 hahemus
623 956 712 1000 causas,
730 942 856 999 Christiani,
874 955 914 986 eur

52 1026 121 1071 hodie
136 1024 285 1084 gaudeamus!
304 1024 367 1079 Quis,
383 1024 419 1068 oni
430 1022 545 1068 redemtor
553 1027 576 1067 et
587 1024 723 1082 sempiterna
741 1023 837 1084 felicitas
847 1023 914 1068 alicui

51 1120 124 1163 curae
136 1110 195 1163 sunt,
212 1106 316 1149 emittere
333 1105 405 1163 possit
421 1104 503 1149 laetum
522 1103 575 1148 illud
591 1103 687 1150 Alleluia
705 1106 836 1161 concinere,
853 1102 913 1162 qnod
935 1143 937 1145 ,

53 1186 162 1247 hodiein
183 1183 317 1243 triumphum
336 1189 359 1229 et
376 1186 471 1243 gratiam
487 1183 624 1243 redemptori
643 1198 684 1230 suo
702 1186 817 1230 exsultans
836 1185 914 1229 ecclc-

53 1268 88 1313 sia
104 1265 228 1311 incoctum
246 1265 323 1331 rnittitl
350 1263 403 1322 Sed,
421 1266 470 1324 quis
488 1265 561 1322 etiam,
578 1266 690 1310 carissimi
700 1266 789 1322 fratres,
807 1267 843 1324 [pri
861 1265 914 1309 ohi-

52 1353 88 1393 ter
103 1350 187 1390 tantum
204 1345 336 1410 resciverit,
359 1347 434 1403 qrrardi
452 1346 577 1391 constit-erit
595 1346 682 1391 Christo
700 1351 778 1391 nostra
796 1346 824 1391 de
840 1351 913 1390 morte

52 1426 176 1485 inferisque
192 1425 326 1482 redemptio,
344 1425 401 1482 quis,
420 1428 518 1483 inquam,
534 1416 592 1469 haec
610 1426 684 1470 onniia
702 1426 746 1470 iarn
761 1429 859 1472 crastino
875 1426 913 1470 die

51 1505 156 1551 oblivisci
170 1508 346 1563 alquerursus
368 1505 391 1548 in
414 1509 492 1548 vetera
514 1510 610 1562 peccata
633 1505 721 1550 irruere
742 1506 830 1564 possit!
859 1504 914 1558 Quis

52 1585 200 1629 haecomnia
218 1583 321 1628 oblivisci
343 1588 365 1627 et
387 1588 480 1641 pectere
498 1596 540 1628 suo
559 1589 650 1628 terrena
675 1597 753 1629 rursus
770 1584 915 1645 bonacont-

52 1665 119 1724 pleoti
141 1664 223 1722 possit!
250 1663 316 1715 Quod
341 1676 359 1707 s.
383 1663 462 1707 Paulus
483 1654 623 1708 Christianos
646 1663 774 1709 Corinthios
803 1653 914 1710 1111111111-

54 1744 106 1801 hnt,
122 1743 207 1801 paseha
228 1747 329 1787 nostrum
347 1742 473 1787 immolatus
491 1749 525 1787 est
540 1743 648 1799 Christus,
663 1744 707 1789 hoc
728 1745 782 1789 satis
798 1743 841 1787 illis
858 1747 914 1799 erat,

55 1828 78 1868 ut
97 1827 249 1881 expurgarent
271 1827 335 1866 retus
357 1821 504 1879 serimentum,
528 1827 550 1867 et
571 1835 653 1868 norant
676 1825 741 1882 plane
763 1825 844 1880 vitam,
863 1820 913 1867 cunr

55 1903 138 1950 Christi
154 1902 268 1946 voluntate
285 1906 460 1946 consentaneam
483 1902 615 1959 inciperent.
647 1903 719 1948 Etiam
735 1904 815 1960 nohis,
839 1904 913 1947 caris-

48 1969 106 2029 simi
125 1981 214 2037 fratres,
230 1981 274 2025 hoc
290 1981 344 2026 satis
364 1982 412 2036 erit,
430 1981 449 2025 si
464 1980 553 2040 quidem
569 1981 648 2041 aliquis
663 1988 740 2042 gratus
756 1983 841 2027 animus
858 1994 913 2042 erga

54 2063 127 2108 Deum
149 2065 172 2105 et
193 2061 303 2106 Christum
326 2061 349 2104 in
372 2060 439 2104 nohis
461 2060 553 2108 habitat.
585 2061 653 2120 Agite
670 2063 750 2121 igitur,
766 2074 808 2108 vos
825 2075 914 2121 (proque

55 2149 155 2190 veterem
172 2147 317 2202 peecatorum
332 2143 392 2188 viam
407 2143 539 2203 relinquite,
559 2150 581 2189 et
597 2151 675 2204 pectus
692 2152 792 2191 vestrum
808 2159 821 2189 a
839 2149 913 2189 terrc-

55 2216 91 2274 nis
108 2223 234 2282 seiungitc,
250 2228 274 2267 ut
288 2224 354 2267 unice
372 2224 444 2268 Deum
461 2224 620 2282 amplectatur:
636 2238 688 2270 nam
705 2227 773 2270 etiarn·
788 2224 854 2270 nohis
872 2235 915 2281 pa-

58 2303 114 2348 scha
132 2302 258 2345 immolatus
274 2307 309 2345 est
327 2302 436 2346 Christus.

120 2382 248 2439 Expurgate
263 2384 364 2424 veterem
377 2384 521 2437 peccatorum
539 2381 612 2425 itam:
627 2393 678 2424 nam
693 2378 777 2437 pascha
793 2391 833 2437 pro
850 2377 915 2423 initis

58 2462 184 2507 immolatus
202 2465 236 2504 est
253 2459 360 2503 Cluistus.
394 2459 584 2511 Quemadmodum
602 2461 624 2504 in
643 2462 703 2505 euiln
718 2461 792 2518 gentis
810 2459 916 2503 Iudaicae

59 2554 89 2586 ex
111 2541 217 2599 Aegypto
242 2537 335 2584 aedibus
364 2537 514 2581 Israelitarunr
539 2538 632 2597 angelus
662 2552 783 2596 percussor
807 2539 916 2597 pepercit,

60 2621 120 2680 qnod
135 2625 213 2678 postes
230 2631 306 2663 earum
324 2618 376 2677 agni
392 2618 498 2662 immolati
514 2621 623 2678 seriguine
639 2619 744 2664 inunctne
760 2623 847 2674 essent,
867 2632 916 2663 cum

58 2702 81 2747 in
100 2700 194 2746 aedibus
211 2699 374 2757 Aegyptiorum
398 2710 443 2741 una
465 2701 532 2741 noete
556 2711 634 2742 ornnes
651 2700 795 2759 primogeniti
810 2704 917 2757 percute·
942 2714 944 2717 ’

59 2786 154 2836 rentur,
176 2782 208 2826 sie
230 2779 296 2823 etiarn
321 2791 363 2823 nos
379 2779 490 2837 sanguine
511 2777 591 2823 Christi
609 2792 622 2823 a
638 2785 709 2824 morte
725 2781 814 2825 liberati
829 2793 916 2824 sumus:

61 2862 80 2904 is
98 2861 158 2904 enim
176 2860 237 2903 velut
254 2858 292 2903 ille
308 2871 380 2917 agnus
400 2870 447 2915 pro
465 2856 531 2900 nohis
553 2858 576 2901 in
592 2871 660 2903 cruce
675 2859 801 2904 immolatus
818 2866 860 2904 cst.
892 2860 918 2904 ld

61 2952 128 2984 unum
144 2941 239 3005 interest
264 2941 324 2986 inter
347 2939 406 2983 illam
430 2936 579 2982 Israelitarnm
597 2938 753 2984 liberationem
772 2943 794 2983 et
809 2946 917 2997 nostram,

64 3016 125 3075 qrrod
145 3032 185 3076 per
208 3019 268 3064 illam
290 3018 357 3078 pauci
382 3021 489 3071 tanturn,
503 3028 583 3075 nempe
609 3018 717 3078 cuiusque
734 3018 814 3064 domus
831 3021 918 3079 primo-

63 3096 151 3157 geniti,
174 3112 215 3155 per
235 3100 294 3144 hano
316 3112 359 3144 nos
382 3108 461 3142 orrrnes
484 3096 550 3139 morti
572 3101 668 3158 exempti
691 3111 779 3155 sumus,
803 3101 863 3159 prrod
886 3080 933 3145 nh

63 3181 148 3225 lantum
164 3178 192 3223 ab
209 3179 298 3225 interitu
314 3180 374 3226 vitae
391 3175 512 3232 terrestris
528 3187 570 3222 nos
586 3190 599 3222 a
613 3183 687 3226 inerte
704 3180 840 3237 sempiterna
857 3192 916 3226 con-
