1979 3399
404 81 608 132 -rtt—

119 218 124 227 ²
164 226 200 271 uis
222 222 380 271 commercium
404 227 543 272 continuare.
582 223 655 268 Elium
677 219 785 279 pristinus
802 224 849 265 elus
866 235 930 267 umor

162 307 232 352 moris
242 306 361 351 Theodisei
371 307 425 351 nihil
435 307 479 352 nisi
490 304 598 363 ampullae
611 302 707 359 hrerunt,
719 314 784 359 quem
797 300 819 344 in
829 297 930 343 Franco-

163 387 233 433 Gnllin
251 387 308 431 adeo
324 387 421 442 uhiecit,
436 390 460 430 ut
475 391 497 430 et
514 386 589 428 omnin
605 383 698 442 perinde
715 380 801 425 hahere
818 378 891 424 soleat
908 385 930 423 et

163 465 206 509 sihi
218 464 266 522 ipse
283 465 374 509 mirifice
392 463 495 509 sufficiet.
527 462 588 507 Haeo
611 463 680 519 liunt,
702 462 806 507 hornincs'
823 461 878 506 deos
900 473 925 504 se

162 544 279 589 essedum
297 544 424 603 opinantur,
441 543 545 587 homines
562 557 613 588 esse
629 543 767 588 dehiscente
785 569 816 578 -

70 624 144 682 Atque
161 624 219 668 hune
237 624 311 681 deum,
331 624 470 668 lhiclerietnn
480 624 507 667 de
518 622 624 681 Scltlepel,
642 636 707 682 quem
727 623 814 668 occulte
831 627 876 667 tum
891 620 929 665 in-

71 705 171 749 solenter
186 706 295 761 tractavit,
312 704 497 762 quernndmodum
514 704 577 747 thure
596 716 637 748 suo
654 703 867 748 Windischrnnrmus
883 716 928 761 pu-

70 786 128 831 hlice
144 790 277 844 prosecutus
291 785 338 829 est!
365 784 534 844 Schlegelinsue
554 783 613 828 idem
631 796 727 842 unqrmm
745 785 768 827 in
785 783 927 842 philosophia

69 880 120 912 curn
137 865 338 911 Windisohmanno
355 866 473 923 senserit,
491 877 601 924 quaerere
617 864 734 909 nolumus:
757 865 796 909 sed
814 863 858 908 hoo
875 877 929 908 eer-

71 954 115 992 tum
135 952 177 1003 est,
196 960 209 991 a
227 946 355 1005 Schlcgelio
371 960 416 991 non
436 946 504 991 multo
522 951 573 990 ante
589 951 685 991 mortem
702 945 750 988 cius
762 944 843 1002 placita
860 945 929 989 Win-

71 1024 212 1071 disehmemni
225 1025 319 1083 probata
336 1038 382 1069 non
399 1037 462 1081 csse:
479 1025 523 1069 hoe
541 1030 626 1070 certum
638 1031 680 1081 est,
701 1025 850 1084 Schlegoliunr
868 1037 928 1068 anno

71 1105 130 1150 1828
156 1112 245 1162 [mense
268 1104 371 1148 Ianuario
395 1119 414 1148 u.
436 1104 495 1148 1829
513 1104 558 1148 rita
575 1106 685 1162 excessit)
704 1105 844 1160 credidisse,
859 1105 928 1149 Win-

68 1175 238 1228 diSchmeunum
249 1183 309 1227 tristi
320 1197 400 1227 errore
415 1183 510 1227 lione-inis
518 1184 616 1228 olicoins
627 1186 738 1230 notissimi
749 1187 813 1229 cleron
824 1197 869 1227 nori
880 1197 929 1227 esse

67 1263 149 1307 irrisere
164 1263 282 1307 statuentis
299 1267 320 1306 et
336 1262 476 1307 Antichristo
493 1264 614 1308 servientis
633 1265 677 1309 olte
701 1266 825 1309 ticinensum
845 1264 928 1308 locere.

66 1342 110 1388 Sed
129 1342 273 1386 nihilominus
297 1342 510 1387 Windisehnmrmus
527 1349 613 1400 partem
629 1345 763 1401 scriptorum
782 1357 794 1388 a
811 1342 927 1387 Friderioo

67 1422 94 1466 de
111 1420 211 1479 Seltle'pcl
233 1421 363 1466 relictorum
381 1422 468 1467 duobus
485 1422 633 1468 uoluminibus
651 1424 721 1468 edidit
740 1429 820 1481 etque,
836 1422 875 1467 ubi
891 1423 927 1467 ln-

67 1514 137 1546 cunas
154 1500 260 1558 offendit,
284 1500 345 1561 quod
362 1501 420 1546 bone
438 1503 512 1547 notari
528 1503 602 1561 velim,
618 1504 732 1562 supplevit
748 1518 805 1561 pede
821 1502 927 1560 Schlepe-

67 1583 112 1647 iius
128 1581 204 1625 oriirno
226 1580 361 1624 intenderit!
384 1581 701 1629 ScilicetWindischmannus
716 1598 773 1642 quoe
784 1583 839 1627 nlius
851 1584 925 1626 animo

66 1662 161 1707 intendit
177 1661 293 1719 suppleuit,
309 1674 365 1718 quae
383 1661 519 1721 Sctteqettns
537 1663 611 1709 (titinio
628 1664 721 1709 intendit
738 1663 852 1722 supplerit,
870 1676 925 1721 sup-

66 1744 134 1801 plerit
146 1742 233 1801 quaeis
246 1743 320 1786 animo
334 1741 435 1799 intendit,
455 1757 520 1801 quem
532 1749 576 1788 tom
588 1746 662 1802 inique
673 1752 798 1802 notaverat,
812 1746 849 1802 qui
860 1745 927 1788 ll'in-

67 1821 208 1867 dischmnuni
223 1820 304 1879 placito
321 1822 418 1867 miseros
434 1835 525 1867 errores
541 1823 639 1868 hominis
658 1825 722 1870 deum
741 1839 787 1869 nou
803 1836 855 1868 csse
871 1837 925 1867 ere-

66 1902 139 1947 dentis
158 1900 308 1946 existimavit!

130 1982 238 2035 Quamvis
255 1982 278 2024 in
295 1981 375 2025 litteris
393 1980 421 2024 ad
437 1979 551 2025 hliillerunr
568 1983 676 2039 „delicias
693 1983 781 2027 animno
798 1988 866 2028 sonet
883 1982 926 2026 dn-

65 2063 93 2106 tis
111 2062 218 2106 altissime
238 2065 363 2119 spectaret,
382 2066 448 2119 etque
465 2061 509 2106 hoe
526 2075 602 2106 amore
620 2067 642 2107 ct
659 2062 806 2107 admiratione
824 2076 927 2106 eommo—

65 2147 156 2187 reretur
169 2143 190 2186 in
203 2146 340 2199 perpetuum,
361 2145 436 2183 tamen
447 2153 493 2185 non
504 2140 605 2198 neglexit
622 2125 799 2196 coimruernorore
811 2155 846 2197 ea,
868 2155 926 2198 qune

65 2223 161 2267 animum
178 2220 244 2266 honis
261 2221 358 2264 terrenis
377 2218 489 2264 addictum
508 2221 669 2266 ostenderent:

159 2303 195 2361 „Si
210 2313 307 2358 unqumn
325 2300 453 2357 contingat,
476 2305 499 2343 ut
522 2299 557 2344 his
575 2301 734 2359 [intelligentia
757 2307 779 2345 et
804 2301 872 2345 animi
889 2301 926 2344 in-

157 2383 270 2438 tentione]
295 2380 406 2440 proficere
430 2380 549 2439 quidquam
571 2383 656 2441 patriae
672 2383 774 2441 possim,
795 2382 836 2426 hes
854 2382 885 2426 illi
903 2387 925 2426 et

158 2466 225 2508 vitem
253 2462 318 2507 simul
341 2462 438 2505 libenter
463 2463 583 2521 impendo,
605 2463 649 2508 hoe
670 2464 726 2518 riri,
751 2464 822 2521 qualis
844 2468 867 2506 tu
890 2476 923 2519 es,

158 2547 220 2587 certe
239 2555 330 2599 sperare
355 2554 488 2599 semperque
505 2549 611 2600 possunt:
632 2544 712 2601 quodsi
734 2544 778 2587 ritu
797 2556 846 2587 mea
862 2543 924 2587 utili-

158 2624 192 2664 ter
218 2618 301 2664 ess'ondi
325 2625 419 2678 posset,
441 2633 470 2664 ne
493 2627 628 2667 momentum
647 2623 753 2683 temporis
771 2624 792 2668 ei
810 2636 853 2681 ego
870 2636 925 2681 pnr-

97 2722 98 2725 ¹
160 2704 255 2746 cererrr‘.

68 2780 91 2825 ln
109 2782 188 2827 endem
205 2780 302 2839 longiori
319 2779 421 2837 epistole,
437 2781 478 2825 sed
496 2780 563 2825 multo
580 2785 638 2838 post,
654 2781 682 2824 ad
698 2780 812 2826 hliillerum
831 2782 922 2826 scribit:

159 2862 277 2920 „Princeps
295 2866 372 2904 noster
390 2874 434 2904 non
448 2862 545 2907 libenter
559 2861 640 2906 sertorii
659 2867 777 2919 osrrprnento
795 2862 923 2907 concedere

159 2955 232 3000 neque
261 2940 413 2984 conditionem
440 2942 510 2986 semel
537 2956 604 3001 poree
630 2942 771 2986 constitutam
801 2943 923 2988 emendare

161 3027 233 3078 amnt3
256 3033 322 3066 nemo
339 3034 395 3066 sane
415 3034 444 3066 err
461 3022 505 3067 hoe
521 3023 568 3066 uiro
585 3026 649 3066 retus
667 3023 719 3067 illud
738 3028 760 3067 et
781 3023 864 3068 alacre·
875 3031 924 3069 sto-

160 3104 219 3148 dium
230 3109 252 3148 et
264 3104 386 3147 litterarum
402 3108 424 3148 et
438 3103 492 3149 honi
510 3104 660 3161 cuiuscunque
678 3097 779 3149 excitare
795 3112 861 3165 nique
879 3121 922 3151 nc-

159 3185 304 3244 gligeutinm,
321 3185 356 3229 eui
376 3185 399 3228 iu
416 3185 463 3230 dics
480 3186 552 3243 ¹magis
570 3184 685 3243 insuescit,
705 3198 824 3232 removero
841 3192 919 3244 potest.
