1979 3399
424 80 625 136 *1247-

161 225 227 283 Quod
249 232 308 273 terra
331 225 515 271 lllonasteriensis
538 227 561 271 in
586 226 654 271 rebus
679 215 834 273 saecularibus
858 227 952 287 imperio

100 308 288 366 Franco-Gallico
304 305 408 352 adiuncta
424 311 469 364 est,
484 306 516 365 id,
532 312 637 367 quantum
654 306 683 352 ad
703 307 820 353 dioecesin
836 309 953 355 lllonaste-

100 392 198 436 rienscm
213 384 353 448 pertinebat,
374 381 429 434 nihil
449 387 516 449 plane
536 388 622 446 ualuit,
647 402 697 434 cum
717 389 741 434 in
758 389 825 435 rebus
841 392 952 437 ecelesiae

98 469 283 518 blonasteriensis
300 482 329 513 ne
344 470 435 516 minima
450 470 539 531 quidem
549 471 640 517 mutatio
657 470 701 514 nisi
712 470 875 516 interveniente
890 486 953 518 sunr-

98 566 134 597 nra
149 555 260 612 potestate
279 534 453 607 ecclesiastiea,
478 554 501 595 ot
519 549 583 610 leges
602 549 713 595 ecclesiae
731 548 856 595 catholicae
872 554 952 608 postu-

102 635 157 691 lant,
176 632 261 678 admitti
278 636 363 692 posset.
401 632 549 679 Nihilominus
570 632 671 692 regimen
691 630 798 677 Gallicum
814 643 892 676 verum
908 630 953 676 Ca-

98 716 191 776 pitulum
208 713 403 774 Metropolitanum
415 714 594 759 lllonasteriense
612 725 653 771 pro
669 710 761 758 arbitrio
779 712 898 769 discussit,
914 725 954 757 ar-

100 799 184 843 bitratu
201 808 242 841 suo
258 808 341 840 novum
359 794 479 854 Capitulum
495 793 689 854 llletropolitanum
713 792 773 853 quod
794 797 877 839 vocant
895 805 954 838 con-

99 880 177 937 stituit,
195 890 267 936 eoque
286 889 430 937 progressum
447 881 487 931 est,
503 881 527 922 ut
541 881 578 934 te,
593 875 629 921 vir
642 888 727 920 summe
743 874 878 920 venerabilis
890 888 954 919 sum-

100 970 184 1016 moque
202 957 254 1003 loeo
269 963 337 1015 nate,
356 959 483 1016 episcopum
500 959 640 1014 nominaret,
661 969 787 1016 rprarrquam
804 956 864 1001 nullo
878 957 954 1001 norni-

99 1037 168 1082 nandi
184 1037 233 1082 iure
251 1038 359 1082 instructa
375 1041 431 1094 erat,
446 1049 520 1095 neque
535 1036 588 1094 tibi,
605 1037 649 1082 nisi
666 1038 740 1085 onmia
754 1037 847 1094 fallunt,
861 1037 885 1083 id
902 1051 954 1083 mu-

100 1130 143 1162 nus
160 1118 264 1176 accipere
279 1116 375 1172 licebat;
398 1117 501 1176 idemque
517 1118 619 1178 regimen
635 1131 689 1165 mox
705 1118 796 1164 efficere
811 1117 915 1177 callebat,
931 1123 955 1164 ιιι

105 1212 188 1245 novum
211 1197 333 1258 Capitulum
357 1198 548 1257 llletrcpolitanum
572 1199 632 1259 quod
654 1204 738 1246 uocant
758 1204 780 1245 te
802 1199 895 1244 alterum
920 1198 955 1244 sui

100 1281 214 1326 Vioarium
229 1280 360 1340 generalem
376 1280 502 1325 declararet
517 1280 643 1339 uelletque,
668 1287 730 1328 ullu
747 1280 775 1326 ad
792 1294 872 1326 sacrae
885 1281 955 1326 iuris-

100 1360 205 1406 dictionis
221 1361 435 1407 administrationem
448 1374 489 1420 per
505 1360 564 1406 liano
579 1362 695 1407 dioecesin
711 1361 841 1407 accederes.

161 1442 188 1487 [ιι
203 1443 310 1499 omittam,
326 1441 377 1500 tibi,
392 1442 427 1486 vir
443 1442 573 1487 venerande
591 1456 722 1501 summoque
738 1442 789 1487 loco
807 1447 871 1499 nate,
888 1447 953 1501 post-

100 1536 166 1583 quam
182 1536 262 1583 passus
279 1536 331 1569 eras
348 1525 477 1583 episcopum
493 1529 515 1570 le
531 1524 655 1582 nominari,
671 1524 771 1584 quamuis
787 1536 814 1569 ea
830 1524 953 1569 nominatio

99 1605 233 1665 gravissima
248 1610 323 1663 esset,
346 1603 428 1651 nullam
444 1606 534 1650 omnino
552 1604 665 1651 dioecesis
682 1602 872 1650 administrandae
886 1608 954 1663 pote-

99 1691 180 1731 statem
197 1687 372 1744 competivisse3
387 1691 411 1731 ut
425 1699 493 1744 porro
511 1686 618 1744 omittam,
633 1698 662 1730 ne
678 1697 733 1729 vero
750 1683 839 1743 quidem
854 1683 954 1743 Capitulo

99 1766 385 1830 llletropolitanolicuisse,
402 1772 426 1811 ut
441 1767 468 1811 ab
484 1766 547 1811 initio
567 1766 623 1811 duos
639 1764 743 1810 Vitarios
759 1765 878 1824 generales
896 1778 955 1811 eon-

102 1849 211 1904 stituerot,
228 1846 319 1906 nedum,
335 1862 384 1893 oum
401 1862 436 1893 me
452 1861 519 1893 uruun
538 1849 704 1903 constituisset,
725 1846 815 1892 etmihi
833 1850 901 1892 lotam
916 1848 955 1891 iu-

100 1929 256 1975 risdictionem
274 1942 361 1974 sacram
378 1927 528 1974 exercendam
545 1927 720 1986 demandasset,
736 1932 827 1987 praeter
844 1941 880 1972 me
896 1926 954 1973 alte-

100 2022 150 2055 rum
168 2008 327 2054 constitueret:
345 2013 406 2054 certe
423 2009 511 2068 quidem
528 2010 633 2070 quidquid
648 2009 747 2057 molitum
763 2014 799 2055 est
813 2022 896 2053 nouum
908 2008 956 2053 Ca-

99 2087 190 2148 pitulum
207 2086 401 2147 metropolitanum
429 2087 488 2146 quod
505 2094 600 2147 uocant,
621 2090 645 2136 id
667 2090 786 2137 manifesto
804 2074 955 2146 ir·ritumli1it,

101 2181 151 2213 cum
166 2166 218 2213 huic
238 2172 357 2213 creaturae
382 2169 497 2228 regiminis
518 2169 715 2216 Franco-Gallici
740 2184 806 2217 saera
829 2183 870 2229 per
888 2169 955 2214 dioe-

102 2249 166 2293 cesin
181 2248 380 2295 lllonasteriensem
403 2242 528 2301 iurisdictio
546 2263 593 2296 non
611 2256 749 2311 competeret
761 2286 767 2309 ,
781 2251 783 2259 '
796 2250 855 2297 unde
871 2253 956 2295 consess

104 2328 196 2373 clarium
213 2333 262 2385 est,
287 2328 309 2374 ei
327 2341 373 2373 non
390 2329 497 2387 licuisse,
520 2335 544 2376 ut
559 2331 617 2377 hanc
633 2332 682 2377 sire
698 2336 767 2376 totam
781 2331 829 2376 sive
847 2345 876 2376 ex
891 2335 955 2391 parte

103 2408 141 2453 alii
158 2406 251 2452 cuidam,
264 2407 461 2453 administrandam
479 2411 634 2455 committeret.

165 2487 223 2545 Tibi,
239 2487 274 2533 uir
284 2486 414 2531 venerande
425 2499 554 2547 summoque
570 2489 622 2535 loco
634 2495 693 2549 nate,
710 2497 777 2537 notae
794 2496 845 2537 sunt
859 2492 956 2538 commi-

104 2570 222 2625 nationes,
244 2567 323 2626 quibus
338 2580 403 2612 usum
418 2571 453 2612 est
467 2568 569 2628 regimen
585 2569 802 2629 Franco-Gallicum,
819 2578 885 2631 atque
903 2585 955 2633 ego,

103 2664 134 2697 ne
151 2663 179 2695 ea
195 2661 232 2694 res
248 2647 395 2693 calamitatem
405 2646 506 2694 dioecesi
519 2654 541 2694 et
554 2649 651 2710 Luppiae
665 2655 753 2710 tractui,
770 2653 807 2712 qui
822 2657 876 2698 tuno
890 2652 955 2697 dice-

104 2734 178 2790 batur,
195 2729 294 2787 allerret,
311 2740 339 2774 eo
357 2727 465 2774 deductus
483 2742 547 2789 sum,
571 2736 595 2776 ut
608 2738 631 2777 te
648 2734 819 2790 substituerem,
834 2738 859 2779 ut
873 2738 897 2778 tu
913 2746 954 2793 pro

102 2814 146 2859 lrac
162 2811 319 2857 substitutione
338 2823 351 2855 a
366 2823 403 2855 me
419 2820 530 2854 concessa
545 2809 632 2856 interim
650 2812 713 2872 fungi
730 2813 798 2857 rebus
815 2825 902 2871 posses.

166 2895 215 2942 Una
230 2895 273 2952 vis,
289 2906 354 2953 quam
370 2892 424 2938 mihi
439 2893 566 2938 comminati
580 2899 651 2952 erant,
667 2907 736 2940 causa
753 2907 804 2940 esse
819 2896 899 2954 potuit,
915 2906 955 2939 eur

103 2968 172 3023 licere
187 2976 240 3021 milri
256 2980 370 3034 putarem,
384 2978 408 3018 ut
424 2971 526 3017 adhunc
542 2974 720 3020 substitutionem
739 2975 835 3019 animum
859 2975 955 3020 induce-

103 3071 165 3113 rem,
183 3056 279 3115 ideoque
294 3069 334 3115 per
351 3068 377 3100 se
393 3066 450 3113 opus
465 3058 542 3116 esset,
563 3060 586 3101 ut
603 3069 677 3115 rrune,
695 3068 760 3115 quum
777 3057 804 3100 ab
821 3055 953 3114 imperanti-

102 3138 153 3193 bus,
168 3138 204 3195 qui
220 3136 325 3195 religioni
339 3135 466 3180 catholicae
482 3134 574 3181 liberam
592 3138 626 3183 sui
641 3141 777 3196 potestatem
789 3142 832 3182 tam
847 3137 956 3182 solemni-

105 3226 140 3265 ter
155 3218 312 3278 prorniserunt,
330 3217 440 3263 eiusmodi
456 3214 508 3277 quid
524 3217 663 3266 timeronon
677 3217 777 3279 possim,
795 3217 854 3264 illaru
870 3217 955 3269 substi-
