1979 3399
401 77 453 120 ’-
494 85 545 136 roa
583 108 620 156 5-

92 234 129 276 ret
145 231 211 277 etad
236 227 421 277 Socinianismum
439 225 667 288 Rationalisrpnmque
690 224 804 284 (theoren,
820 224 865 270 hoc
879 224 945 285 plane

90 313 171 359 falsum
193 316 234 357 est.
266 311 355 370 Inspice
378 309 545 355 annotationem
560 321 573 352 a
590 307 698 353 Perconio
717 307 806 352 citatam
824 313 846 352 et
861 304 945 352 videris

91 390 216 450 euternplo,
241 403 319 436 herum
344 403 396 436 csse
413 391 473 451 quod
490 391 593 436 diximus.
625 389 772 435 Nihilominus
797 387 946 434 haecomnia

89 474 118 519 ad
134 471 303 532 intelligendum
325 472 400 518 facilia
417 478 474 519 sunt.
504 472 588 532 Quippe
605 473 629 516 in
643 469 784 531 philosophia
799 469 945 515 Hermesiana

90 555 147 600 nihil
162 556 227 614 sapit,
241 555 265 599 in
280 554 423 615 philosophia
439 555 564 600 'theodisca
585 566 662 599 rursus
677 551 732 597 nihil
748 552 813 611 sapit,
830 552 853 595 in
870 550 946 608 philo-

92 637 172 697 sophia
196 637 219 682 in
239 637 369 683 universnm
390 637 509 697 pauxillum
531 641 615 681 tantum
633 636 697 695 sapit.
729 634 757 679 Et
772 639 847 679 tamen
866 631 894 676 de
909 631 945 677 his

89 719 160 765 rebus
179 718 281 765 scrihere
306 719 349 765 sihi
376 724 473 780 arrogat
507 718 594 764 Coeeus
616 717 659 763 iste
684 721 730 774 est,
752 717 789 775 qui
808 714 945 773 farraginem

88 799 269 859 pigmentorum,
292 810 385 858 qnorum
401 798 468 844 multa
486 803 508 843 et
523 798 588 842 rudia
604 802 692 843 suntet
710 800 793 858 spuria,
806 795 903 855 collegit.
920 793 946 839 ln

88 881 147 925 hanc
163 880 290 939 penicillum
299 880 394 940 intingit,
410 859 507 925 tabulam
523 879 613 926 linteam
631 879 724 924 maculis
739 879 848 938 inspergit
864 882 886 921 et
902 890 945 921 ex-

90 960 185 1005 clamat:
201 959 273 1004 Acct'
288 959 311 1004 r'o
327 973 382 1004 sono
399 958 499 1004 Pittore!

152 1041 198 1088 Sed
219 1040 263 1087 iam
287 1040 367 1087 lectori
389 1055 438 1087 rem
459 1041 622 1101 producemus,
638 1057 696 1103 qnae
714 1041 782 1087 multo
799 1041 872 1101 magis
889 1039 946 1085 mira

90 1125 133 1179 est,
150 1135 216 1181 qnam
232 1135 274 1168 eae
291 1136 346 1181 quas
364 1123 437 1169 adhuc
456 1125 611 1184 cognovimus.
642 1124 707 1170 Hanc
724 1125 794 1183 ipsam
813 1121 945 1168 distinctio-

89 1217 142 1249 nem
159 1205 254 1250 rationis
271 1204 406 1250 theoreticae
429 1210 451 1251 et
465 1207 598 1264 practicae,
618 1220 675 1265 quae
692 1206 759 1252 fidem
774 1205 897 1262 subruere,
916 1201 945 1246 ad

90 1288 276 1336 Socinianismum
292 1294 314 1333 et
330 1288 513 1334 Rationalismum
531 1289 613 1355 elucere
630 1288 715 1348 dicitnr,
733 1287 792 1332 hanc
808 1288 879 1345 ipsam
896 1284 945 1341 ipse

90 1370 210 1415 Petronius
227 1369 251 1413 in
268 1369 314 1413 suis
330 1367 521 1414 Proelecttonlhus
532 1370 660 1428 dopmotiets
676 1371 724 1427 ipsc
735 1366 862 1428 proposuitl
879 1362 945 1409 Conf.

90 1450 139 1495 eius
155 1451 230 1508 operis
246 1454 297 1494 tom.
315 1449 331 1494 l.
346 1463 396 1510 pag.
414 1449 452 1495 49.
469 1454 488 1504 ς.
510 1450 560 1496 loo.
579 1464 630 1510 pag.
649 1451 684 1495 18,
702 1456 724 1504 §.
741 1449 779 1496 48.
795 1463 816 1508 p.
833 1448 886 1494 att.
921 1446 944 1493 Si

90 1531 209 1575 Perronins
226 1529 261 1574 his
279 1529 336 1574 loeis
353 1529 450 1588 loquitur
466 1529 494 1575 de
516 1531 604 1587 officiis,
622 1530 709 1590 legibus
723 1534 775 1589 cet,
789 1543 850 1588 qnae
865 1534 945 1574 natura

90 1610 186 1655 humana
202 1611 301 1656 nituntur
318 1615 340 1654 et
362 1612 451 1669 scriptis
469 1612 635 1672 quibuscunque
661 1618 683 1657 et
703 1613 795 1657 sancitis
820 1611 944 1669 antiquiora

92 1692 137 1738 sint
147 1708 153 1748 3
170 1694 189 1737 si
208 1693 276 1750 dicit,
300 1693 410 1737 rationem
425 1695 544 1753 gentilibus
563 1700 614 1739 ante
633 1695 699 1739 ullam
715 1694 876 1740 revelationem
893 1691 958 1737 offi-¹¹

92 1773 128 1817 cia
143 1773 325 1832 praescripsisse,
342 1773 365 1817 id
378 1775 515 1832 quodetiam
531 1776 610 1820 Paulus
627 1775 741 1833 apostolus
759 1774 818 1834 dicit,
836 1788 879 1833 qua
894 1779 946 1817 tan·
969 1757 971 1760 V

95 1854 146 1898 dem
157 1867 182 1898 re
190 1855 309 1900 Perronins
322 1855 349 1899 ah
359 1854 475 1908 Hermesio
489 1855 582 1900 differt?
598 1857 631 1901 Ne
640 1857 752 1900 minimum
763 1855 859 1916 quidem,
874 1868 947 1914 quan-

95 1939 141 1979 tum
158 1934 187 1978 ad
205 1949 252 1979 rem
268 1935 358 1991 attinet,
376 1936 417 1982 sed
433 1938 523 1981 nonnisi
540 1938 562 1981 in
579 1936 659 1982 vocula
671 1934 795 1993 practicae.
827 1936 875 1980 Hac
891 1949 947 1988 coco

93 2016 223 2061 Hermesius
239 2018 321 2073 utitur,
337 2018 458 2062 Perronius
474 2031 520 2062 uon
537 2022 572 2062 est
587 2030 647 2062 usus.
680 2015 729 2061 Hoc
744 2021 813 2061 totum
829 2029 948 2076 magnum-

96 2110 139 2155 que
157 2098 210 2142 illud
229 2097 348 2143 discrimen
365 2099 412 2144 est!
436 2099 481 2146 Sed
503 2099 569 2144 etiam
588 2100 645 2143 ratio
667 2098 703 2142 illa
726 2099 828 2143 Perronii
848 2099 948 2156 practica

88 2179 228 2223 nominanda
245 2186 292 2237 est,
308 2185 429 2240 propterea
445 2180 505 2239 quod
521 2180 597 2225 officia
611 2180 757 2238 praescrihit,
774 2179 834 2237 quod
851 2179 947 2236 denique

93 2258 123 2302 ad
141 2260 253 2319 agendum
276 2261 385 2319 (πρᾶξιν)
402 2267 494 2320 spectat.
526 2262 596 2307 Huius
617 2261 710 2307 rationis
726 2261 840 2319 practicae
858 2274 901 2319 ope
918 2286 948 2294 —-

95 2354 145 2386 cum
163 2340 290 2385 theoretica
309 2342 367 2386 insto
390 2342 458 2388 modo
476 2345 607 2388 consociata
625 2371 653 2379 -
672 2355 700 2386 eo
717 2342 847 2386 Hermesius
863 2354 948 2398 perve-

94 2421 139 2477 nit,
162 2425 186 2464 ut
201 2421 363 2464 revelationem
379 2426 473 2477 statuat,
487 2422 510 2466 h.
526 2436 546 2466 e.
565 2422 625 2479 quod
640 2423 699 2466 hene
713 2421 842 2477 notandum,
856 2422 948 2466 revela-

94 2502 187 2555 tionem,
206 2505 314 2558 quatenus
331 2504 366 2543 est
381 2505 450 2545 totum
468 2502 551 2559 aliquid
566 2500 626 2545 facto
643 2502 804 2560 supernaturali
816 2502 882 2547 nohis
898 2506 947 2546 tra-

97 2582 172 2627 ditum.
196 2580 241 2627 Sed
252 2578 365 2639 quomodo
381 2590 458 2624 rursus
471 2578 605 2624 Petronius?
622 2579 682 2624 Eece
696 2580 739 2624 hoc
754 2581 805 2624 loco
817 2579 948 2639 prudentior

96 2664 140 2708 iste
155 2667 196 2718 est,
212 2675 276 2720 quam
293 2661 381 2706 sihimet
396 2661 439 2718 ipsi
455 2662 567 2720 cognitum
579 2661 627 2707 est!
651 2662 706 2708 Nam
723 2662 742 2706 si
758 2666 811 2706 tom.
828 2662 844 2705 l.
861 2675 882 2719 p.
901 2660 946 2706 ‘206

97 2745 187 2798 scribit,
203 2742 367 2787 revelationem
392 2740 483 2785 moralis
501 2743 570 2799 partis
587 2756 654 2787 causa
671 2742 825 2787 accessorium
840 2754 904 2797 esse,
921 2754 948 2785 ea

97 2836 147 2868 cnm
162 2822 250 2867 ratione
266 2835 306 2867 sua
322 2821 421 2880 practica
440 2821 606 2867 necessitudine
628 2822 716 2881 aliqua,
738 2826 760 2866 et
782 2821 949 2872 necessihrdine

99 2902 189 2961 quidem
212 2901 271 2946 hanc
291 2902 427 2956 adiuvante,
444 2899 519 2943 iuncta
542 2901 570 2945 sit
591 2903 693 2959 oportet!
717 2903 819 2948 Nondum
835 2907 869 2946 est
887 2903 948 2946 satis.

97 2983 216 3028 Petronius
233 2982 293 3027 clare
309 2982 374 3038 dicit,
394 2980 488 3025 rationis
508 2981 604 3028 officium
625 2996 684 3040 esse,
700 2990 724 3029 ut
740 2974 852 3028 momenta
869 2988 949 3028 aucto-

98 3064 170 3108 ritatis
184 3062 345 3123 revelationem
357 3061 468 3122 quandam
480 3063 636 3119 praecedentis
649 3066 768 3121 examinet,
786 3063 888 3123 idemque
898 3076 950 3108 me-

97 3143 141 3189 lius
157 3144 223 3189 etiam
239 3148 262 3188 et
285 3156 353 3188 sensu
374 3143 441 3203 plane
458 3141 602 3189 Hermesiano
621 3144 686 3200 dicit,
706 3146 819 3190 hominem
835 3144 948 3190 miraculis

99 3222 211 3269 tenerent
228 3224 362 3270 assentiatur
378 3222 434 3279 (vol.
452 3221 469 3267 1.
486 3235 507 3281 p.
524 3222 566 3279 73!
588 3225 658 3278 Quale
677 3230 711 3271 est
728 3226 773 3271 hoc
789 3224 877 3271 teneri?
898 3223 950 3271 Hoc
