1979 3399
90 201 230 265 ellroilnrqne
244 208 270 251 nt
282 206 380 250 aninunn
397 204 529 249 tolerantem
547 203 632 249 habeas
652 216 706 263 erga
728 209 829 250 ornnem<
861 199 944 251 Porro-

91 288 142 332 nius
160 293 182 332 ut
200 289 262 346 qirasl
280 286 348 346 digito
367 290 492 344 monstret,
514 286 551 332 nbi
574 285 642 331 lateat
659 287 809 330 renemnnin
825 283 943 339 hocloco,

96 413 287 425 ..am—...—

129 540 131 543 ,
168 505 219 541 ctiva
233 502 323 541 idearum
339 509 452 544 nostrarum
468 507 570 553 realitate,
586 500 692 544 veritatem
706 505 809 557 pertingat
822 526 846 533 —
862 508 944 553 propter

168 575 256 612 ratlanes
271 585 436 616 commemoratas
449 591 491 616 non
505 584 572 629 potest
586 579 607 615 id
629 576 726 616 momenti
746 575 833 621 hahere,
853 579 876 610 ut
896 571 944 609 huic

128 636 132 643 ¹
166 646 251 684 veritati
266 649 412 695 renuntiemus,
427 649 463 687 sed
478 651 546 702 potius
562 662 643 688 movere
656 661 693 687 uos
707 647 774 694 dehet,
790 652 813 684 ut
826 643 945 704 circumspi-

165 717 247 771 ciamus
257 730 346 769 numqua
363 719 402 756 alin
415 720 447 756 via
463 725 483 758 et
497 725 603 771 quatemus
619 718 645 756 ele
660 720 695 757 illa
710 719 812 772 (veritate)
829 724 893 762 certos
908 729 944 755 nos

166 788 251 826 reddere
265 792 383 840 possimus“.
415 793 513 829 Nimirum
529 792 559 828 illi
574 791 701 842 philosophi,
722 791 757 843 qui
771 791 834 828 veteri
855 789 946 827 veritatis

166 861 250 898 notione
266 862 369 911 repudiata
384 876 456 900 novam
470 863 626 909 substituerent,
646 862 743 901 volebant
760 861 870 899 defendere
885 860 945 897 istam

167 932 306 970 mutationem.
335 934 436 983 L'rgebant
449 935 508 982 illud,
524 936 623 981 homines,
636 936 705 986 prouti
720 946 731 970 a
745 939 817 971 natura
835 931 945 982 comparati

167 1011 246 1050 essent,
265 1018 306 1042 non
321 1018 379 1056 posse
393 1006 509 1043 immediate
524 1006 694 1057 comprehendere
709 1005 789 1042 obiecta
804 1001 946 1053 cognoscendi,

164 1088 206 1112 non
221 1088 279 1127 posse
293 1077 411 1127 quidquam,
425 1077 506 1129 quoda
520 1078 610 1115 subiecto
625 1077 725 1115 diversum
739 1082 855 1127 poneretur,
870 1086 945 1122 coguo-

166 1159 221 1198 scere
237 1147 304 1197 ipsum
319 1153 381 1199 atque
396 1149 417 1185 ln
434 1161 484 1196 sese,
500 1149 536 1186 sed
546 1135 686 1186 tantummodo
698 1162 733 1199 per
747 1148 813 1185 media
828 1146 945 1191 subiectior,

167 1230 205 1268 per
225 1218 280 1255 ideas
300 1218 436 1266 suniemirus,
455 1220 542 1270 proinde
563 1220 698 1269 cognitionem
718 1219 826 1257 lnrmanam
848 1217 879 1254 his
894 1217 945 1254 ideis

167 1283 283 1327 subiectivis
298 1292 404 1328 contineri.
432 1292 464 1330 Sic
479 1304 512 1330 eas
527 1304 568 1339 res,
590 1304 642 1343 quae
658 1303 727 1329 sensus
742 1289 838 1328 excedere
854 1289 946 1326 diceren-

167 1367 207 1405 tur,
221 1374 263 1397 non
277 1352 369 1410 cognosci
386 1363 425 1399 nisi
439 1374 476 1413 per
488 1363 577 1400 medinm
593 1363 692 1414 irlearmm
706 1374 758 1412 quae
772 1375 783 1398 a
797 1366 865 1397 mente
877 1366 945 1396 nostra

164 1432 321 1469 informarentur
335 1445 358 1470 ae
373 1445 408 1470 sua
423 1425 444 1471 vi
457 1440 525 1471 essent
539 1434 676 1480 subiectivae3
690 1433 718 1487 sic
727 1432 786 1481 etiam
798 1444 830 1468 eas
841 1443 878 1474 res,
894 1443 945 1481 quae

163 1515 249 1551 corpora
263 1511 387 1549 vocarentur,
399 1516 441 1541 non
453 1505 546 1555 cognosci
559 1504 599 1555 nisi
613 1517 649 1555 per
661 1503 749 1540 medium
764 1515 857 1547 sensnum
874 1506 894 1538 et
907 1514 944 1552 per

164 1573 220 1611 ideas
235 1576 338 1611 sensuales
353 1574 479 1620 subiectivas,
495 1588 580 1625 quarum
590 1576 645 1625 origo
661 1580 682 1611 et
696 1574 783 1625 qualitas
795 1580 887 1624 exparte
901 1573 943 1609 sal-

166 1651 206 1681 tem
224 1644 333 1680 derivanda
349 1652 401 1682 esset
416 1659 440 1682 ex
454 1646 550 1683 facultate
568 1645 627 1683 nohis
647 1646 696 1695 ipsis
714 1645 796 1690 innata3
816 1645 838 1679 in
856 1649 944 1692 utroque

165 1714 226 1763 igitur
235 1716 425 1764 casucognitionem
437 1716 544 1753 humanam
560 1717 660 1753 contineri
673 1715 724 1752 ideis
739 1713 863 1759 subteminis,
877 1725 944 1764 neque

168 1785 212 1821 lieri
232 1797 304 1835 posse,
324 1792 347 1823 ut
360 1787 451 1836 sepositis
464 1786 516 1823 ideis
530 1787 604 1823 nostris
620 1784 646 1822 ad
659 1785 794 1834 coguitionem
809 1796 875 1821 rerum
888 1784 944 1834 ipsa-

166 1869 215 1902 rum,
231 1868 282 1905 qnae
299 1861 320 1892 et
331 1856 400 1907 quales
414 1863 487 1903 essent,
501 1856 666 1906 pertingeremus.
693 1857 721 1893 En
734 1869 774 1907 qno
790 1853 944 1901 concludebant,

165 1937 246 1961 omnem
261 1925 321 1961 etiarn
338 1925 479 1963 certitudinem
496 1939 538 1964 esse
552 1927 695 1973 submoneam,
716 1927 744 1963 ita
763 1925 845 1977 quidem
868 1932 946 1964 utnon

166 1995 296 2044 egrederetur
313 1996 365 2033 ultra
380 1996 436 2034 ideas
450 2004 534 2043 nostras,
550 1998 593 2035 lieri
611 1998 668 2035 nulla
688 1998 766 2035 ratione
787 2010 858 2048 posse,
878 2004 900 2035 ut
919 1998 944 2035 de

165 2065 265 2103 obiectiva
285 2066 375 2104 idearum
393 2073 506 2105 nostrarum
521 2069 678 2117 realitatecerti
699 2068 839 2117 redrleremur3
857 2075 945 2106 veterem

134 2153 136 2155 ·
164 2137 226 2187 igitur
245 2137 334 2174 veritatis
356 2140 459 2176 notionem
482 2139 627 2190 repudiandam
648 2145 668 2177 et
689 2140 710 2176 in
736 2139 779 2176 eius
798 2139 864 2176 locum
884 2140 945 2176 aliam

166 2206 327 2245 substituendam
346 2222 394 2245 esse.
424 2209 539 2259 Respondet
552 2211 680 2248 Hermesins:
693 2216 740 2248 utut
755 2222 776 2247 se
790 2210 879 2248 habeant
887 2224 945 2261 prae-

169 2277 242 2313 missae
256 2277 310 2314 illius
324 2282 513 2326 argumentationis,
534 2282 638 2319 conclusio
652 2293 786 2331 praepropera
802 2288 838 2318 est.
865 2283 946 2318 Sumse·

169 2354 216 2385 runt
233 2348 264 2385 illi
282 2349 412 2400 philosophi,
433 2365 479 2388 nam
494 2351 532 2389 hoc
545 2358 589 2397 est,
610 2351 664 2402 quod
678 2350 793 2388 llermesins
806 2348 847 2388 'sihi
863 2352 907 2388 vult
920 2374 945 2380 —

167 2427 287 2467 surnsernnt,
304 2420 341 2458 sub
356 2433 379 2457 ea
391 2427 469 2458 tantum
484 2421 612 2465 conditione,
627 2421 643 2457 si
656 2421 744 2470 cognitio
758 2427 826 2458 nostra
836 2422 946 2472 pertinge-
983 2410 984 2413 Ἰ

167 2499 198 2529 ret
213 2492 239 2529 ad
253 2505 283 2529 res
297 2493 350 2543 ipsas
364 2496 425 2542 atque
440 2492 461 2528 in
476 2504 526 2537 sese,
539 2490 560 2529 id
575 2498 611 2538 est,
625 2493 640 2529 si
650 2492 764 2530 immediate
773 2492 945 2544 comprehendere

166 2563 225 2601 nohis
246 2564 317 2601 liceret
337 2552 417 2601 obiecta
439 2563 587 2611 cognoscendi,
608 2564 633 2601 ad
649 2564 789 2603 certitudinem
806 2563 831 2602 de
844 2565 945 2610 obiectira

164 2636 255 2673 idearum
275 2632 386 2672 nostrarum
405 2635 498 2672 realitate
512 2628 611 2686 perueniri
631 2649 694 2687 posse.
730 2640 755 2676 nt
774 2643 888 2674 sumserunt
906 2636 946 2674 hoe

167 2720 203 2744 suo
217 2708 274 2753 iure3
291 2719 358 2756 neque
372 2719 414 2742 eam
430 2705 455 2741 oh
472 2719 563 2751 causam,
584 2707 639 2756 qnod
653 2709 739 2757 cognitio
755 2707 842 2757 hnmana
859 2709 945 2745 fortasse

165 2790 207 2816 non
221 2778 324 2828 pertingat
337 2776 362 2813 ad
379 2788 409 2813 res
423 2775 444 2812 in
459 2788 508 2821 sese,
523 2776 627 2827 repudiare
641 2769 737 2816 dehemus
748 2784 835 2816 veterem
842 2780 945 2817 notionem

166 2848 270 2893 ueritatis,
292 2846 328 2884 sed
346 2859 442 2898 quaerere
464 2846 547 2895 potius‚·
564 2860 653 2899 numqua
674 2849 712 2886 alia
726 2851 758 2887 via
773 2854 793 2886 et
808 2854 906 2898 quatenus
920 2849 945 2887 de

167 2919 268 2956 obiectiva
283 2917 374 2954 idearum
389 2923 501 2953 nostrarum
516 2916 607 2954 realitate
622 2931 658 2955 nos
673 2926 736 2956 certos
749 2919 831 2956 reddere
840 2921 947 2970 possimus.

170 3012 195 3019 »-
210 2991 251 3029 lam
266 2988 316 3041 qnid
331 2987 438 3026 Petronius
452 2986 477 3021 ad
493 2985 556 3023 haec?
584 2988 667 3025 Primum
683 3002 725 3026 non
740 2978 820 3026 videtur
833 2991 871 3026 vim
884 2991 945 3028 intel.

169 3061 241 3099 lenisse
263 3074 330 3113 neque
352 3059 474 3098 obiectionis
496 3059 571 3108 ipsios,
595 3073 662 3113 neque
682 3061 773 3112 responsi
793 3061 819 3097 ab
840 3055 946 3099 Hermesio

171 3130 219 3167 dati.
244 3133 323 3171 Deinde
337 3138 415 3171 tentum
432 3131 548 3180 corrumpit.
576 3131 690 3170 Hermesius
704 3146 745 3171 non
759 3131 822 3179 elicit,
837 3133 893 3172 illam
907 3131 945 3169 ob-

169 3202 276 3241 tectionem
291 3217 333 3243 esse
347 3201 510 3242 indissolubilem
523 3202 556 3241 vet
572 3204 627 3255 quasi
641 3203 816 3254 indistolnhilem,
834 3205 869 3242 sed
883 3205 947 3244 mittit
