<?xml version="1.0" encoding="UTF-8"?>
<!DOCTYPE html PUBLIC "-//W3C//DTD XHTML 1.0 Transitional//EN"
    "http://www.w3.org/TR/xhtml1/DTD/xhtml1-transitional.dtd">
<html xmlns="http://www.w3.org/1999/xhtml" xml:lang="en" lang="en">
 <head>
  <title>
</title>
<meta http-equiv="Content-Type" content="text/html;charset=utf-8" />
  <meta name='ocr-system' content='tesseract 3.04.00' />
  <meta name='ocr-capabilities' content='ocr_page ocr_carea ocr_par ocr_line ocrx_word'/>
</head>
<body>
  <div class='ocr_page' id='page_1' title='image "MN5163ucmf_1_0376.png"; bbox 0 0 1979 3399; ppageno 0'>
   <div class='ocr_carea' id='block_1_1' title="bbox 407 51 609 143">
    <p class='ocr_par' dir='ltr' id='par_1_1' title="bbox 407 51 609 143">
     <span class='ocr_line' id='line_1_1' title="bbox 407 51 609 143; baseline 0.01 -2"><span class='ocrx_word' id='word_1_1' title='bbox 407 51 609 143; x_wconf 78' lang='lat' dir='ltr'>-ase-</span> 
     </span>
    </p>
   </div>
   <div class='ocr_carea' id='block_1_2' title="bbox 67 231 983 3049">
    <p class='ocr_par' dir='ltr' id='par_1_2' title="bbox 79 231 983 1991">
     <span class='ocr_line' id='line_1_2' title="bbox 79 231 935 297; baseline -0.006 -13"><span class='ocrx_word' id='word_1_2' title='bbox 79 238 123 284; x_wconf 91' lang='lat' dir='ltr'>trio</span> <span class='ocrx_word' id='word_1_3' title='bbox 141 237 255 297; x_wconf 86' lang='lat' dir='ltr'>expositos</span> <span class='ocrx_word' id='word_1_4' title='bbox 271 243 330 277; x_wconf 87' lang='lat' dir='ltr'>esse.</span> <span class='ocrx_word' id='word_1_5' title='bbox 362 231 385 279; x_wconf 91' lang='lat' dir='ltr'>Si</span> <span class='ocrx_word' id='word_1_6' title='bbox 401 231 498 278; x_wconf 89' lang='lat' dir='ltr'>clericus</span> <span class='ocrx_word' id='word_1_7' title='bbox 514 232 592 279; x_wconf 88' lang='lat' dir='ltr'>sedem</span> <span class='ocrx_word' id='word_1_8' title='bbox 607 232 729 294; x_wconf 88' lang='lat' dir='ltr'>Romanam</span> <span class='ocrx_word' id='word_1_9' title='bbox 740 234 869 293; x_wconf 70' lang='lat' dir='ltr'>appellaret,</span> <span class='ocrx_word' id='word_1_10' title='bbox 885 249 935 281; x_wconf 91' lang='lat' dir='ltr'>eam</span> 
     </span>
     <span class='ocr_line' id='line_1_3' title="bbox 82 314 934 376; baseline 0.002 -16"><span class='ocrx_word' id='word_1_11' title='bbox 82 316 139 360; x_wconf 85' lang='lat' dir='ltr'>viam</span> <span class='ocrx_word' id='word_1_12' title='bbox 154 314 244 374; x_wconf 79' lang='lat' dir='ltr'>ingredi</span> <span class='ocrx_word' id='word_1_13' title='bbox 263 314 378 373; x_wconf 90' lang='lat' dir='ltr'>debebat,</span> <span class='ocrx_word' id='word_1_14' title='bbox 405 327 470 374; x_wconf 80' lang='lat' dir='ltr'>cpiam</span> <span class='ocrx_word' id='word_1_15' title='bbox 492 314 555 376; x_wconf 87' lang='lat' dir='ltr'>leges</span> <span class='ocrx_word' id='word_1_16' title='bbox 576 319 651 360; x_wconf 90' lang='lat' dir='ltr'>terrae</span> <span class='ocrx_word' id='word_1_17' title='bbox 666 328 721 360; x_wconf 89' lang='lat' dir='ltr'>suae</span> <span class='ocrx_word' id='word_1_18' title='bbox 736 316 934 374; x_wconf 74' lang='lat' dir='ltr'>praescribebant:</span> 
     </span>
     <span class='ocr_line' id='line_1_4' title="bbox 81 394 936 456; baseline 0.002 -17"><span class='ocrx_word' id='word_1_19' title='bbox 81 394 122 440; x_wconf 91' lang='lat' dir='ltr'>sed</span> <span class='ocrx_word' id='word_1_20' title='bbox 138 395 171 440; x_wconf 90' lang='lat' dir='ltr'>sie</span> <span class='ocrx_word' id='word_1_21' title='bbox 186 400 265 442; x_wconf 90' lang='lat' dir='ltr'>contra</span> <span class='ocrx_word' id='word_1_22' title='bbox 280 395 378 442; x_wconf 82' lang='lat' dir='ltr'>faciebat</span> <span class='ocrx_word' id='word_1_23' title='bbox 394 400 461 456; x_wconf 91' lang='lat' dir='ltr'>atque</span> <span class='ocrx_word' id='word_1_24' title='bbox 477 396 620 443; x_wconf 90' lang='lat' dir='ltr'>iureiurando</span> <span class='ocrx_word' id='word_1_25' title='bbox 636 396 784 455; x_wconf 87' lang='lat' dir='ltr'>promiserat;</span> <span class='ocrx_word' id='word_1_26' title='bbox 810 397 830 442; x_wconf 93' lang='lat' dir='ltr'>si</span> <span class='ocrx_word' id='word_1_27' title='bbox 842 396 884 441; x_wconf 91' lang='lat' dir='ltr'>bas</span> <span class='ocrx_word' id='word_1_28' title='bbox 900 396 936 441; x_wconf 92' lang='lat' dir='ltr'>le-</span> 
     </span>
     <span class='ocr_line' id='line_1_5' title="bbox 82 476 937 536; baseline 0 -14"><span class='ocrx_word' id='word_1_29' title='bbox 82 489 123 536; x_wconf 89' lang='lat' dir='ltr'>ges</span> <span class='ocrx_word' id='word_1_30' title='bbox 139 477 284 536; x_wconf 79' lang='lat' dir='ltr'>perrupisset,</span> <span class='ocrx_word' id='word_1_31' title='bbox 300 491 313 523; x_wconf 89' lang='lat' dir='ltr'>a</span> <span class='ocrx_word' id='word_1_32' title='bbox 328 481 440 536; x_wconf 77' lang='lat' dir='ltr'>potestate</span> <span class='ocrx_word' id='word_1_33' title='bbox 457 476 516 522; x_wconf 88' lang='lat' dir='ltr'>civili</span> <span class='ocrx_word' id='word_1_34' title='bbox 531 489 628 536; x_wconf 89' lang='lat' dir='ltr'>poenam</span> <span class='ocrx_word' id='word_1_35' title='bbox 643 477 698 523; x_wconf 88' lang='lat' dir='ltr'>tulit.</span> <span class='ocrx_word' id='word_1_36' title='bbox 731 478 807 536; x_wconf 87' lang='lat' dir='ltr'>ltaque</span> <span class='ocrx_word' id='word_1_37' title='bbox 824 476 937 522; x_wconf 87' lang='lat' dir='ltr'>sacerdo-</span> 
     </span>
     <span class='ocr_line' id='line_1_6' title="bbox 81 558 968 624; baseline 0.001 -23"><span class='ocrx_word' id='word_1_38' title='bbox 81 561 116 602; x_wconf 90' lang='lat' dir='ltr'>tes</span> <span class='ocrx_word' id='word_1_39' title='bbox 133 558 311 605; x_wconf 90' lang='lat' dir='ltr'>arelridioecesis</span> <span class='ocrx_word' id='word_1_40' title='bbox 330 559 471 605; x_wconf 82' lang='lat' dir='ltr'>Coloniensis</span> <span class='ocrx_word' id='word_1_41' title='bbox 489 558 558 604; x_wconf 84' lang='lat' dir='ltr'>ueluti</span> <span class='ocrx_word' id='word_1_42' title='bbox 573 564 636 618; x_wconf 90' lang='lat' dir='ltr'>septo</span> <span class='ocrx_word' id='word_1_43' title='bbox 655 558 834 614; x_wconf 87' lang='lat' dir='ltr'>continebantur,</span> <span class='ocrx_word' id='word_1_44' title='bbox 851 558 936 617; x_wconf 83' lang='lat' dir='ltr'>absque</span> <span class='ocrx_word' id='word_1_45' title='bbox 966 621 968 624; x_wconf 81' lang='lat'>.</span> 
     </span>
     <span class='ocr_line' id='line_1_7' title="bbox 81 638 937 700; baseline 0.001 -17"><span class='ocrx_word' id='word_1_46' title='bbox 81 638 127 684; x_wconf 92' lang='lat' dir='ltr'>ullo</span> <span class='ocrx_word' id='word_1_47' title='bbox 143 638 218 700; x_wconf 88' lang='lat' dir='ltr'>legum</span> <span class='ocrx_word' id='word_1_48' title='bbox 234 641 357 699; x_wconf 87' lang='lat' dir='ltr'>praesidio,</span> <span class='ocrx_word' id='word_1_49' title='bbox 377 655 427 687; x_wconf 93' lang='lat' dir='ltr'>cum</span> <span class='ocrx_word' id='word_1_50' title='bbox 444 640 615 700; x_wconf 89' lang='lat' dir='ltr'>archiepiscopo</span> <span class='ocrx_word' id='word_1_51' title='bbox 630 653 718 699; x_wconf 89' lang='lat' dir='ltr'>semper</span> <span class='ocrx_word' id='word_1_52' title='bbox 734 639 840 699; x_wconf 89' lang='lat' dir='ltr'>prolege</span> <span class='ocrx_word' id='word_1_53' title='bbox 856 653 882 684; x_wconf 90' lang='lat' dir='ltr'>ac</span> <span class='ocrx_word' id='word_1_54' title='bbox 897 653 937 684; x_wconf 90' lang='lat' dir='ltr'>ra-</span> 
     </span>
     <span class='ocr_line' id='line_1_8' title="bbox 83 720 938 782; baseline 0.002 -19"><span class='ocrx_word' id='word_1_55' title='bbox 83 720 146 765; x_wconf 90' lang='lat' dir='ltr'>tione</span> <span class='ocrx_word' id='word_1_56' title='bbox 173 721 234 766; x_wconf 89' lang='lat' dir='ltr'>stetit</span> <span class='ocrx_word' id='word_1_57' title='bbox 255 722 365 768; x_wconf 82' lang='lat' dir='ltr'>voluntas.</span> <span class='ocrx_word' id='word_1_58' title='bbox 397 723 500 768; x_wconf 81' lang='lat' dir='ltr'>Ceterum</span> <span class='ocrx_word' id='word_1_59' title='bbox 517 722 628 767; x_wconf 90' lang='lat' dir='ltr'>neminem</span> <span class='ocrx_word' id='word_1_60' title='bbox 644 721 713 782; x_wconf 85' lang='lat' dir='ltr'>sugit,</span> <span class='ocrx_word' id='word_1_61' title='bbox 730 722 797 766; x_wconf 89' lang='lat' dir='ltr'>etiam</span> <span class='ocrx_word' id='word_1_62' title='bbox 813 735 825 766; x_wconf 93' lang='lat' dir='ltr'>a</span> <span class='ocrx_word' id='word_1_63' title='bbox 840 720 938 765; x_wconf 90' lang='lat' dir='ltr'>Lamen-</span> 
     </span>
     <span class='ocr_line' id='line_1_9' title="bbox 82 793 939 863; baseline -0.001 -16"><span class='ocrx_word' id='word_1_64' title='bbox 82 815 141 847; x_wconf 91' lang='lat' dir='ltr'>naeo</span> <span class='ocrx_word' id='word_1_65' title='bbox 157 804 312 849; x_wconf 88' lang='lat' dir='ltr'>auctoritatem</span> <span class='ocrx_word' id='word_1_66' title='bbox 328 817 400 863; x_wconf 90' lang='lat' dir='ltr'>papae</span> <span class='ocrx_word' id='word_1_67' title='bbox 415 804 560 860; x_wconf 80' lang='lat' dir='ltr'>veliementer</span> <span class='ocrx_word' id='word_1_68' title='bbox 578 805 658 850; x_wconf 89' lang='lat' dir='ltr'>elatam</span> <span class='ocrx_word' id='word_1_69' title='bbox 674 793 757 860; x_wconf 83' lang='lat' dir='ltr'>fuisse,</span> <span class='ocrx_word' id='word_1_70' title='bbox 775 802 833 847; x_wconf 88' lang='lat' dir='ltr'>adeo</span> <span class='ocrx_word' id='word_1_71' title='bbox 849 807 872 847; x_wconf 95' lang='lat' dir='ltr'>ut</span> <span class='ocrx_word' id='word_1_72' title='bbox 889 801 939 861; x_wconf 91' lang='lat' dir='ltr'>epi-</span> 
     </span>
     <span class='ocr_line' id='line_1_10' title="bbox 83 884 939 944; baseline 0.001 -16"><span class='ocrx_word' id='word_1_73' title='bbox 83 884 147 942; x_wconf 81' lang='lat' dir='ltr'>scopi</span> <span class='ocrx_word' id='word_1_74' title='bbox 162 884 345 929; x_wconf 83' lang='lat' dir='ltr'>Franco-Gallici</span> <span class='ocrx_word' id='word_1_75' title='bbox 361 898 401 942; x_wconf 87' lang='lat' dir='ltr'>per</span> <span class='ocrx_word' id='word_1_76' title='bbox 418 885 508 944; x_wconf 83' lang='lat' dir='ltr'>aliquod</span> <span class='ocrx_word' id='word_1_77' title='bbox 525 891 610 944; x_wconf 90' lang='lat' dir='ltr'>tempus</span> <span class='ocrx_word' id='word_1_78' title='bbox 622 885 788 930; x_wconf 89' lang='lat' dir='ltr'>Lamennaeum</span> <span class='ocrx_word' id='word_1_79' title='bbox 797 885 881 930; x_wconf 86' lang='lat' dir='ltr'>Romae</span> <span class='ocrx_word' id='word_1_80' title='bbox 895 884 939 929; x_wconf 89' lang='lat' dir='ltr'>de-</span> 
     </span>
     <span class='ocr_line' id='line_1_11' title="bbox 83 962 938 1023; baseline 0.004 -15"><span class='ocrx_word' id='word_1_81' title='bbox 83 962 143 1008; x_wconf 86' lang='lat' dir='ltr'>ferre</span> <span class='ocrx_word' id='word_1_82' title='bbox 158 967 330 1022; x_wconf 84' lang='lat' dir='ltr'>cunctarentur,</span> <span class='ocrx_word' id='word_1_83' title='bbox 350 976 379 1008; x_wconf 90' lang='lat' dir='ltr'>nc</span> <span class='ocrx_word' id='word_1_84' title='bbox 396 965 470 1010; x_wconf 90' lang='lat' dir='ltr'>animo</span> <span class='ocrx_word' id='word_1_85' title='bbox 489 966 566 1023; x_wconf 72' lang='lat' dir='ltr'>palum</span> <span class='ocrx_word' id='word_1_86' title='bbox 581 964 692 1010; x_wconf 88' lang='lat' dir='ltr'>catholico</span> <span class='ocrx_word' id='word_1_87' title='bbox 709 964 783 1011; x_wconf 84' lang='lat' dir='ltr'>affecti</span> <span class='ocrx_word' id='word_1_88' title='bbox 802 965 938 1011; x_wconf 82' lang='lat' dir='ltr'>viderentur.</span> 
     </span>
     <span class='ocr_line' id='line_1_12' title="bbox 84 1043 940 1106; baseline 0.005 -18"><span class='ocrx_word' id='word_1_89' title='bbox 84 1043 137 1102; x_wconf 86' lang='lat' dir='ltr'>,Est</span> <span class='ocrx_word' id='word_1_90' title='bbox 149 1045 216 1089; x_wconf 90' lang='lat' dir='ltr'>etiam</span> <span class='ocrx_word' id='word_1_91' title='bbox 228 1045 310 1103; x_wconf 69' lang='lat' dir='ltr'>alium,</span> <span class='ocrx_word' id='word_1_92' title='bbox 327 1045 428 1092; x_wconf 90' lang='lat' dir='ltr'>scribunt</span> <span class='ocrx_word' id='word_1_93' title='bbox 443 1047 480 1091; x_wconf 92' lang='lat' dir='ltr'>isti</span> <span class='ocrx_word' id='word_1_94' title='bbox 501 1047 608 1106; x_wconf 88' lang='lat' dir='ltr'>episcopi,</span> <span class='ocrx_word' id='word_1_95' title='bbox 624 1046 696 1105; x_wconf 85' lang='lat' dir='ltr'>,quod</span> <span class='ocrx_word' id='word_1_96' title='bbox 711 1045 838 1105; x_wconf 88' lang='lat' dir='ltr'>praesulum</span> <span class='ocrx_word' id='word_1_97' title='bbox 854 1047 940 1092; x_wconf 91' lang='lat' dir='ltr'>animos</span> 
     </span>
     <span class='ocr_line' id='line_1_13' title="bbox 83 1123 983 1186; baseline 0.001 -16"><span class='ocrx_word' id='word_1_98' title='bbox 83 1127 208 1186; x_wconf 69' lang='lat' dir='ltr'>permovit,</span> <span class='ocrx_word' id='word_1_99' title='bbox 232 1126 338 1171; x_wconf 83' lang='lat' dir='ltr'>uidelicet</span> <span class='ocrx_word' id='word_1_100' title='bbox 353 1127 486 1184; x_wconf 88' lang='lat' dir='ltr'>scriptorem</span> <span class='ocrx_word' id='word_1_101' title='bbox 504 1139 571 1186; x_wconf 86' lang='lat' dir='ltr'>supra</span> <span class='ocrx_word' id='word_1_102' title='bbox 588 1132 734 1172; x_wconf 91' lang='lat' dir='ltr'>memoratum</span> <span class='ocrx_word' id='word_1_103' title='bbox 751 1127 939 1184; x_wconf 73' lang='lat' dir='ltr'>(Lamennaeurn)</span> <span class='ocrx_word' id='word_1_104' title='bbox 977 1123 983 1135; x_wconf 79' lang='lat'>‘</span> 
     </span>
     <span class='ocr_line' id='line_1_14' title="bbox 85 1206 942 1269; baseline 0.005 -19"><span class='ocrx_word' id='word_1_105' title='bbox 85 1208 179 1265; x_wconf 88' lang='lat' dir='ltr'>eiusque</span> <span class='ocrx_word' id='word_1_106' title='bbox 205 1206 325 1265; x_wconf 89' lang='lat' dir='ltr'>discipulos</span> <span class='ocrx_word' id='word_1_107' title='bbox 349 1207 550 1268; x_wconf 71' lang='lat' dir='ltr'>affectata</span> <span class='ocrx_word' id='word_1_108' title='bbox 577 1208 650 1255; x_wconf 82' lang='lat' dir='ltr'>dili</span> <span class='ocrx_word' id='word_1_109' title='bbox 658 1212 788 1269; x_wconf 73' lang='lat' dir='ltr'>peretto</span> <span class='ocrx_word' id='word_1_110' title='bbox 812 1208 942 1254; x_wconf 75' lang='lat' dir='ltr'>defendisse</span> 
     </span>
     <span class='ocr_line' id='line_1_15' title="bbox 84 1287 943 1347; baseline 0.001 -16"><span class='ocrx_word' id='word_1_111' title='bbox 84 1287 210 1332; x_wconf 83' lang='lat' dir='ltr'>doctrinam</span> <span class='ocrx_word' id='word_1_112' title='bbox 230 1299 287 1345; x_wconf 73' lang='lat' dir='ltr'>(prae</span> <span class='ocrx_word' id='word_1_113' title='bbox 302 1287 399 1331; x_wconf 78' lang='lat' dir='ltr'>manime</span> <span class='ocrx_word' id='word_1_114' title='bbox 416 1287 477 1332; x_wconf 84' lang='lat' dir='ltr'>lavet</span> <span class='ocrx_word' id='word_1_115' title='bbox 492 1287 618 1332; x_wconf 87' lang='lat' dir='ltr'>auctoritati</span> <span class='ocrx_word' id='word_1_116' title='bbox 634 1288 695 1333; x_wconf 87' lang='lat' dir='ltr'>sedis</span> <span class='ocrx_word' id='word_1_117' title='bbox 712 1287 866 1347; x_wconf 90' lang='lat' dir='ltr'>apostolicae:</span> <span class='ocrx_word' id='word_1_118' title='bbox 884 1301 943 1347; x_wconf 87' lang='lat' dir='ltr'>quo-</span> 
     </span>
     <span class='ocr_line' id='line_1_16' title="bbox 84 1367 943 1425; baseline 0.001 -12"><span class='ocrx_word' id='word_1_119' title='bbox 84 1381 134 1413; x_wconf 88' lang='lat' dir='ltr'>rum</span> <span class='ocrx_word' id='word_1_120' title='bbox 152 1367 234 1425; x_wconf 89' lang='lat' dir='ltr'>scripta</span> <span class='ocrx_word' id='word_1_121' title='bbox 252 1368 271 1412; x_wconf 93' lang='lat' dir='ltr'>si</span> <span class='ocrx_word' id='word_1_122' title='bbox 293 1367 500 1423; x_wconf 84' lang='lat' dir='ltr'>darnnarissemus,</span> <span class='ocrx_word' id='word_1_123' title='bbox 526 1372 598 1413; x_wconf 90' lang='lat' dir='ltr'>metus</span> <span class='ocrx_word' id='word_1_124' title='bbox 615 1373 708 1412; x_wconf 89' lang='lat' dir='ltr'>eratne</span> <span class='ocrx_word' id='word_1_125' title='bbox 726 1368 833 1413; x_wconf 89' lang='lat' dir='ltr'>inbrmius</span> <span class='ocrx_word' id='word_1_126' title='bbox 849 1369 943 1414; x_wconf 83' lang='lat' dir='ltr'>ridere-</span> 
     </span>
     <span class='ocr_line' id='line_1_17' title="bbox 85 1449 943 1509; baseline -0.001 -14"><span class='ocrx_word' id='word_1_127' title='bbox 85 1454 120 1495; x_wconf 89' lang='lat' dir='ltr'>tur</span> <span class='ocrx_word' id='word_1_128' title='bbox 138 1449 271 1507; x_wconf 89' lang='lat' dir='ltr'>obsequium</span> <span class='ocrx_word' id='word_1_129' title='bbox 299 1454 401 1494; x_wconf 88' lang='lat' dir='ltr'>nostrum</span> <span class='ocrx_word' id='word_1_130' title='bbox 427 1462 481 1509; x_wconf 89' lang='lat' dir='ltr'>erga</span> <span class='ocrx_word' id='word_1_131' title='bbox 502 1449 562 1494; x_wconf 87' lang='lat' dir='ltr'>illam</span> <span class='ocrx_word' id='word_1_132' title='bbox 584 1451 753 1495; x_wconf 71' lang='lat' dir='ltr'>auctoritatum</span> <span class='ocrx_word' id='word_1_133' title='bbox 766 1455 793 1506; x_wconf 77' lang='grc'>1).</span> <span class='ocrx_word' id='word_1_134' title='bbox 826 1449 871 1496; x_wconf 87' lang='lat' dir='ltr'>Sed</span> <span class='ocrx_word' id='word_1_135' title='bbox 886 1450 943 1495; x_wconf 92' lang='lat' dir='ltr'>baec</span> 
     </span>
     <span class='ocr_line' id='line_1_18' title="bbox 87 1529 944 1589; baseline 0 -15"><span class='ocrx_word' id='word_1_136' title='bbox 87 1531 188 1588; x_wconf 84' lang='lat' dir='ltr'>quamuis</span> <span class='ocrx_word' id='word_1_137' title='bbox 203 1530 338 1586; x_wconf 88' lang='lat' dir='ltr'>omittamus,</span> <span class='ocrx_word' id='word_1_138' title='bbox 355 1529 499 1574; x_wconf 86' lang='lat' dir='ltr'>nibilominus</span> <span class='ocrx_word' id='word_1_139' title='bbox 514 1529 583 1574; x_wconf 89' lang='lat' dir='ltr'>tbesis</span> <span class='ocrx_word' id='word_1_140' title='bbox 596 1531 626 1574; x_wconf 88' lang='lat' dir='ltr'>ita</span> <span class='ocrx_word' id='word_1_141' title='bbox 640 1532 767 1589; x_wconf 89' lang='lat' dir='ltr'>conscripta</span> <span class='ocrx_word' id='word_1_142' title='bbox 781 1535 821 1586; x_wconf 91' lang='lat' dir='ltr'>est,</span> <span class='ocrx_word' id='word_1_143' title='bbox 833 1534 857 1573; x_wconf 88' lang='lat' dir='ltr'>ut</span> <span class='ocrx_word' id='word_1_144' title='bbox 869 1530 944 1574; x_wconf 89' lang='lat' dir='ltr'>omnia</span> 
     </span>
     <span class='ocr_line' id='line_1_19' title="bbox 89 1610 945 1669; baseline -0.002 -13"><span class='ocrx_word' id='word_1_145' title='bbox 89 1610 212 1657; x_wconf 91' lang='lat' dir='ltr'>concidere</span> <span class='ocrx_word' id='word_1_146' title='bbox 229 1623 325 1655; x_wconf 88' lang='lat' dir='ltr'>neccsse</span> <span class='ocrx_word' id='word_1_147' title='bbox 343 1611 452 1668; x_wconf 74' lang='lat' dir='ltr'>sit-quae</span> <span class='ocrx_word' id='word_1_148' title='bbox 470 1623 555 1655; x_wconf 92' lang='lat' dir='ltr'>summo</span> <span class='ocrx_word' id='word_1_149' title='bbox 572 1610 671 1669; x_wconf 84' lang='lat' dir='ltr'>pontifici</span> <span class='ocrx_word' id='word_1_150' title='bbox 685 1624 726 1669; x_wconf 89' lang='lat' dir='ltr'>per</span> <span class='ocrx_word' id='word_1_151' title='bbox 742 1624 792 1655; x_wconf 87' lang='lat' dir='ltr'>eam</span> <span class='ocrx_word' id='word_1_152' title='bbox 809 1610 945 1655; x_wconf 87' lang='lat' dir='ltr'>deferuntur.</span> 
     </span>
     <span class='ocr_line' id='line_1_20' title="bbox 88 1689 945 1749; baseline -0.004 -12"><span class='ocrx_word' id='word_1_153' title='bbox 88 1690 179 1737; x_wconf 85' lang='lat' dir='ltr'>Scilicet</span> <span class='ocrx_word' id='word_1_154' title='bbox 204 1689 274 1736; x_wconf 87' lang='lat' dir='ltr'>thesis</span> <span class='ocrx_word' id='word_1_155' title='bbox 296 1691 344 1748; x_wconf 91' lang='lat' dir='ltr'>ipsa</span> <span class='ocrx_word' id='word_1_156' title='bbox 368 1703 416 1734; x_wconf 77' lang='lat' dir='ltr'>cern</span> <span class='ocrx_word' id='word_1_157' title='bbox 441 1689 717 1746; x_wconf 72' lang='grc'><strong>6666666116666111666,</strong></span> <span class='ocrx_word' id='word_1_158' title='bbox 744 1703 801 1749; x_wconf 89' lang='lat' dir='ltr'>quae</span> <span class='ocrx_word' id='word_1_159' title='bbox 819 1689 945 1734; x_wconf 84' lang='lat' dir='ltr'>doctrinam</span> 
     </span>
     <span class='ocr_line' id='line_1_21' title="bbox 90 1770 945 1830; baseline -0.001 -14"><span class='ocrx_word' id='word_1_160' title='bbox 90 1775 192 1830; x_wconf 87' lang='lat' dir='ltr'>spectat,</span> <span class='ocrx_word' id='word_1_161' title='bbox 217 1771 324 1826; x_wconf 85' lang='lat' dir='ltr'>continet,</span> <span class='ocrx_word' id='word_1_162' title='bbox 350 1770 401 1815; x_wconf 88' lang='lat' dir='ltr'>dmn</span> <span class='ocrx_word' id='word_1_163' title='bbox 420 1770 519 1828; x_wconf 86' lang='lat' dir='ltr'>dogmati</span> <span class='ocrx_word' id='word_1_164' title='bbox 535 1770 646 1814; x_wconf 87' lang='lat' dir='ltr'>catholico</span> <span class='ocrx_word' id='word_1_165' title='bbox 662 1771 800 1828; x_wconf 89' lang='lat' dir='ltr'>apertissime</span> <span class='ocrx_word' id='word_1_166' title='bbox 817 1783 945 1829; x_wconf 78' lang='lat' dir='ltr'>repugnans</span> 
     </span>
     <span class='ocr_line' id='line_1_22' title="bbox 91 1849 944 1910; baseline -0.004 -12"><span class='ocrx_word' id='word_1_167' title='bbox 91 1865 176 1898; x_wconf 90' lang='lat' dir='ltr'>summo</span> <span class='ocrx_word' id='word_1_168' title='bbox 193 1851 293 1910; x_wconf 84' lang='lat' dir='ltr'>pontifici</span> <span class='ocrx_word' id='word_1_169' title='bbox 308 1864 324 1907; x_wconf 87' lang='lat' dir='ltr'>p</span> <span class='ocrx_word' id='word_1_170' title='bbox 334 1850 478 1894; x_wconf 54' lang='lat' dir='ltr'>cornetum</span> <span class='ocrx_word' id='word_1_171' title='bbox 494 1849 617 1894; x_wconf 75' lang='lat' dir='ltr'>ordinis</span> <span class='ocrx_word' id='word_1_172' title='bbox 636 1850 718 1906; x_wconf 85' lang='lat' dir='ltr'>tribuit,</span> <span class='ocrx_word' id='word_1_173' title='bbox 734 1849 756 1893; x_wconf 89' lang='lat' dir='ltr'>lr.</span> <span class='ocrx_word' id='word_1_174' title='bbox 769 1862 789 1892; x_wconf 84' lang='grc'><strong>6.</strong></span> <span class='ocrx_word' id='word_1_175' title='bbox 805 1863 877 1908; x_wconf 89' lang='lat' dir='ltr'>papae</span> <span class='ocrx_word' id='word_1_176' title='bbox 894 1863 944 1896; x_wconf 90' lang='lat' dir='ltr'>curn</span> 
     </span>
     <span class='ocr_line' id='line_1_23' title="bbox 90 1930 944 1991; baseline -0.002 -13"><span class='ocrx_word' id='word_1_177' title='bbox 90 1934 238 1991; x_wconf 88' lang='lat' dir='ltr'>principatum</span> <span class='ocrx_word' id='word_1_178' title='bbox 250 1932 331 1989; x_wconf 80' lang='lat' dir='ltr'>tribuit,</span> <span class='ocrx_word' id='word_1_179' title='bbox 350 1945 414 1990; x_wconf 89' lang='lat' dir='ltr'>quem</span> <span class='ocrx_word' id='word_1_180' title='bbox 427 1932 530 1990; x_wconf 86' lang='lat' dir='ltr'>prolecto</span> <span class='ocrx_word' id='word_1_181' title='bbox 547 1936 569 1975; x_wconf 92' lang='lat' dir='ltr'>et</span> <span class='ocrx_word' id='word_1_182' title='bbox 583 1930 685 1989; x_wconf 86' lang='lat' dir='ltr'>repudiat</span> <span class='ocrx_word' id='word_1_183' title='bbox 700 1933 723 1973; x_wconf 90' lang='lat' dir='ltr'>et</span> <span class='ocrx_word' id='word_1_184' title='bbox 740 1931 859 1986; x_wconf 88' lang='lat' dir='ltr'>repudiare</span> <span class='ocrx_word' id='word_1_185' title='bbox 870 1931 944 1977; x_wconf 84' lang='lat' dir='ltr'>debet.</span> 
     </span>
    </p>

    <p class='ocr_par' dir='ltr' id='par_1_3' title="bbox 67 2011 952 3049">
     <span class='ocr_line' id='line_1_24' title="bbox 152 2011 946 2072; baseline -0.001 -13"><span class='ocrx_word' id='word_1_186' title='bbox 152 2013 215 2059; x_wconf 88' lang='lat' dir='ltr'>Nova</span> <span class='ocrx_word' id='word_1_187' title='bbox 231 2013 253 2057; x_wconf 89' lang='lat' dir='ltr'>iu</span> <span class='ocrx_word' id='word_1_188' title='bbox 270 2013 386 2072; x_wconf 83' lang='lat' dir='ltr'>religionis</span> <span class='ocrx_word' id='word_1_189' title='bbox 405 2013 497 2071; x_wconf 87' lang='lat' dir='ltr'>negotio</span> <span class='ocrx_word' id='word_1_190' title='bbox 519 2011 592 2057; x_wconf 90' lang='lat' dir='ltr'>studia</span> <span class='ocrx_word' id='word_1_191' title='bbox 613 2024 642 2056; x_wconf 90' lang='lat' dir='ltr'>eo</span> <span class='ocrx_word' id='word_1_192' title='bbox 659 2011 762 2069; x_wconf 87' lang='lat' dir='ltr'>tendere,</span> <span class='ocrx_word' id='word_1_193' title='bbox 778 2018 802 2056; x_wconf 87' lang='lat' dir='ltr'>ut</span> <span class='ocrx_word' id='word_1_194' title='bbox 817 2012 915 2058; x_wconf 89' lang='lat' dir='ltr'>ecclesia</span> <span class='ocrx_word' id='word_1_195' title='bbox 932 2028 946 2058; x_wconf 91' lang='lat' dir='ltr'>a</span> 
     </span>
     <span class='ocr_line' id='line_1_25' title="bbox 91 2091 945 2153; baseline -0.005 -13"><span class='ocrx_word' id='word_1_196' title='bbox 91 2094 216 2153; x_wconf 89' lang='lat' dir='ltr'>principatu</span> <span class='ocrx_word' id='word_1_197' title='bbox 235 2093 295 2139; x_wconf 91' lang='lat' dir='ltr'>civili</span> <span class='ocrx_word' id='word_1_198' title='bbox 312 2095 456 2153; x_wconf 89' lang='lat' dir='ltr'>seiungatur,</span> <span class='ocrx_word' id='word_1_199' title='bbox 473 2092 496 2138; x_wconf 90' lang='lat' dir='ltr'>id</span> <span class='ocrx_word' id='word_1_200' title='bbox 513 2094 554 2150; x_wconf 89' lang='lat' dir='ltr'>iis,</span> <span class='ocrx_word' id='word_1_201' title='bbox 578 2105 636 2151; x_wconf 89' lang='lat' dir='ltr'>quae</span> <span class='ocrx_word' id='word_1_202' title='bbox 654 2091 752 2151; x_wconf 90' lang='lat' dir='ltr'>quotidie</span> <span class='ocrx_word' id='word_1_203' title='bbox 770 2094 862 2137; x_wconf 89' lang='lat' dir='ltr'>evenire</span> <span class='ocrx_word' id='word_1_204' title='bbox 879 2092 945 2137; x_wconf 41' lang='lat' dir='ltr'>ride*</span> 
     </span>
     <span class='ocr_line' id='line_1_26' title="bbox 92 2172 946 2233; baseline -0.006 -12"><span class='ocrx_word' id='word_1_205' title='bbox 92 2190 148 2233; x_wconf 87' lang='lat' dir='ltr'>mus,</span> <span class='ocrx_word' id='word_1_206' title='bbox 165 2178 219 2221; x_wconf 90' lang='lat' dir='ltr'>satis</span> <span class='ocrx_word' id='word_1_207' title='bbox 237 2174 385 2220; x_wconf 86' lang='lat' dir='ltr'>confirmatur.</span> <span class='ocrx_word' id='word_1_208' title='bbox 420 2174 470 2227; x_wconf 82' lang='lat' dir='ltr'>Qui</span> <span class='ocrx_word' id='word_1_209' title='bbox 483 2187 543 2218; x_wconf 91' lang='lat' dir='ltr'>nunc</span> <span class='ocrx_word' id='word_1_210' title='bbox 560 2178 648 2231; x_wconf 89' lang='lat' dir='ltr'>sceptra</span> <span class='ocrx_word' id='word_1_211' title='bbox 672 2178 734 2217; x_wconf 93' lang='lat' dir='ltr'>tenet</span> <span class='ocrx_word' id='word_1_212' title='bbox 749 2172 871 2232; x_wconf 78' lang='lat' dir='ltr'>Gregorius</span> <span class='ocrx_word' id='word_1_213' title='bbox 886 2172 946 2230; x_wconf 82' lang='lat' dir='ltr'>XVI,</span> 
     </span>
     <span class='ocr_line' id='line_1_27' title="bbox 95 2252 946 2314; baseline -0.004 -13"><span class='ocrx_word' id='word_1_214' title='bbox 95 2272 144 2302; x_wconf 94' lang='lat' dir='ltr'>cum</span> <span class='ocrx_word' id='word_1_215' title='bbox 160 2258 183 2301; x_wconf 93' lang='lat' dir='ltr'>in</span> <span class='ocrx_word' id='word_1_216' title='bbox 202 2255 279 2301; x_wconf 88' lang='lat' dir='ltr'>sedem</span> <span class='ocrx_word' id='word_1_217' title='bbox 295 2255 441 2314; x_wconf 89' lang='lat' dir='ltr'>apostolicam</span> <span class='ocrx_word' id='word_1_218' title='bbox 460 2260 552 2300; x_wconf 85' lang='lat' dir='ltr'>euectus</span> <span class='ocrx_word' id='word_1_219' title='bbox 570 2258 646 2310; x_wconf 86' lang='lat' dir='ltr'>esset,</span> <span class='ocrx_word' id='word_1_220' title='bbox 661 2254 685 2297; x_wconf 92' lang='lat' dir='ltr'>in</span> <span class='ocrx_word' id='word_1_221' title='bbox 701 2252 816 2311; x_wconf 82' lang='lat' dir='ltr'>encyclica</span> <span class='ocrx_word' id='word_1_222' title='bbox 831 2266 872 2299; x_wconf 89' lang='lat' dir='ltr'>sua</span> <span class='ocrx_word' id='word_1_223' title='bbox 887 2253 946 2299; x_wconf 90' lang='lat' dir='ltr'>hanc</span> 
     </span>
     <span class='ocr_line' id='line_1_28' title="bbox 94 2334 946 2395; baseline -0.004 -13"><span class='ocrx_word' id='word_1_224' title='bbox 94 2338 263 2382; x_wconf 87' lang='lat' dir='ltr'>contentionem</span> <span class='ocrx_word' id='word_1_225' title='bbox 283 2336 331 2395; x_wconf 91' lang='lat' dir='ltr'>ipse</span> <span class='ocrx_word' id='word_1_226' title='bbox 349 2335 476 2395; x_wconf 84' lang='lat' dir='ltr'>designauit</span> <span class='ocrx_word' id='word_1_227' title='bbox 500 2348 594 2393; x_wconf 90' lang='lat' dir='ltr'>eamque</span> <span class='ocrx_word' id='word_1_228' title='bbox 616 2347 692 2378; x_wconf 92' lang='lat' dir='ltr'>coram</span> <span class='ocrx_word' id='word_1_229' title='bbox 710 2334 825 2379; x_wconf 91' lang='lat' dir='ltr'>catholicis</span> <span class='ocrx_word' id='word_1_230' title='bbox 843 2335 946 2379; x_wconf 91' lang='lat' dir='ltr'>omnibus</span> 
     </span>
     <span class='ocr_line' id='line_1_29' title="bbox 96 2413 946 2475; baseline -0.002 -12"><span class='ocrx_word' id='word_1_231' title='bbox 96 2425 200 2475; x_wconf 86' lang='lat' dir='ltr'>tanquam</span> <span class='ocrx_word' id='word_1_232' title='bbox 221 2418 332 2461; x_wconf 86' lang='lat' dir='ltr'>ecclesiae</span> <span class='ocrx_word' id='word_1_233' title='bbox 351 2421 373 2459; x_wconf 90' lang='lat' dir='ltr'>et</span> <span class='ocrx_word' id='word_1_234' title='bbox 388 2416 481 2473; x_wconf 89' lang='lat' dir='ltr'>imperio</span> <span class='ocrx_word' id='word_1_235' title='bbox 499 2415 559 2459; x_wconf 86' lang='lat' dir='ltr'>civili</span> <span class='ocrx_word' id='word_1_236' title='bbox 575 2413 726 2471; x_wconf 89' lang='lat' dir='ltr'>perniciosam</span> <span class='ocrx_word' id='word_1_237' title='bbox 744 2414 869 2461; x_wconf 88' lang='lat' dir='ltr'>denotavit:</span> <span class='ocrx_word' id='word_1_238' title='bbox 887 2416 946 2475; x_wconf 80' lang='lat' dir='ltr'>,Ne-</span> 
     </span>
     <span class='ocr_line' id='line_1_30' title="bbox 95 2493 947 2559; baseline -0.002 -16"><span class='ocrx_word' id='word_1_239' title='bbox 95 2512 138 2559; x_wconf 86' lang='lat' dir='ltr'>que</span> <span class='ocrx_word' id='word_1_240' title='bbox 154 2498 248 2542; x_wconf 86' lang='lat' dir='ltr'>laetiora</span> <span class='ocrx_word' id='word_1_241' title='bbox 265 2501 287 2539; x_wconf 90' lang='lat' dir='ltr'>et</span> <span class='ocrx_word' id='word_1_242' title='bbox 303 2496 408 2554; x_wconf 82' lang='lat' dir='ltr'>religioni</span> <span class='ocrx_word' id='word_1_243' title='bbox 424 2499 445 2537; x_wconf 91' lang='lat' dir='ltr'>et</span> <span class='ocrx_word' id='word_1_244' title='bbox 460 2494 593 2551; x_wconf 88' lang='lat' dir='ltr'>principatui</span> <span class='ocrx_word' id='word_1_245' title='bbox 610 2493 704 2538; x_wconf 87' lang='lat' dir='ltr'>ominari</span> <span class='ocrx_word' id='word_1_246' title='bbox 721 2507 838 2552; x_wconf 89' lang='lat' dir='ltr'>possumus</span> <span class='ocrx_word' id='word_1_247' title='bbox 855 2510 884 2542; x_wconf 80' lang='lat' dir='ltr'>eir</span> <span class='ocrx_word' id='word_1_248' title='bbox 904 2509 947 2541; x_wconf 84' lang='lat' dir='ltr'>eo-</span> 
     </span>
     <span class='ocr_line' id='line_1_31' title="bbox 94 2566 946 2637; baseline -0.008 -9"><span class='ocrx_word' id='word_1_249' title='bbox 94 2596 143 2628; x_wconf 92' lang='lat' dir='ltr'>rum</span> <span class='ocrx_word' id='word_1_250' title='bbox 159 2581 233 2636; x_wconf 87' lang='lat' dir='ltr'>uotis,</span> <span class='ocrx_word' id='word_1_251' title='bbox 258 2578 295 2636; x_wconf 92' lang='lat' dir='ltr'>qui</span> <span class='ocrx_word' id='word_1_252' title='bbox 311 2566 432 2621; x_wconf 87' lang='lat' dir='ltr'>ecclesiam</span> <span class='ocrx_word' id='word_1_253' title='bbox 448 2587 549 2633; x_wconf 84' lang='lat' dir='ltr'>aregno</span> <span class='ocrx_word' id='word_1_254' title='bbox 572 2576 684 2633; x_wconf 87' lang='lat' dir='ltr'>separari,</span> <span class='ocrx_word' id='word_1_255' title='bbox 702 2582 843 2636; x_wconf 90' lang='lat' dir='ltr'>mutuamque</span> <span class='ocrx_word' id='word_1_256' title='bbox 860 2577 946 2637; x_wconf 89' lang='lat' dir='ltr'>imperii</span> 
     </span>
     <span class='ocr_line' id='line_1_32' title="bbox 96 2654 947 2716; baseline -0.008 -9"><span class='ocrx_word' id='word_1_257' title='bbox 96 2676 146 2707; x_wconf 84' lang='lat' dir='ltr'>curn</span> <span class='ocrx_word' id='word_1_258' title='bbox 161 2658 289 2706; x_wconf 89' lang='lat' dir='ltr'>sacerdotio</span> <span class='ocrx_word' id='word_1_259' title='bbox 306 2654 452 2702; x_wconf 85' lang='lat' dir='ltr'>concordiam</span> <span class='ocrx_word' id='word_1_260' title='bbox 470 2654 569 2713; x_wconf 90' lang='lat' dir='ltr'>abrumpi</span> <span class='ocrx_word' id='word_1_261' title='bbox 587 2654 718 2714; x_wconf 92' lang='lat' dir='ltr'>discupiunt.</span> <span class='ocrx_word' id='word_1_262' title='bbox 752 2656 844 2703; x_wconf 83' lang='lat' dir='ltr'>Constat</span> <span class='ocrx_word' id='word_1_263' title='bbox 860 2658 947 2716; x_wconf 90' lang='lat' dir='ltr'>quippe,</span> 
     </span>
     <span class='ocr_line' id='line_1_33' title="bbox 96 2736 947 2805; baseline -0.008 -16"><span class='ocrx_word' id='word_1_264' title='bbox 96 2743 224 2805; x_wconf 87' lang='lat' dir='ltr'>pertimesci</span> <span class='ocrx_word' id='word_1_265' title='bbox 245 2742 272 2787; x_wconf 89' lang='lat' dir='ltr'>ab</span> <span class='ocrx_word' id='word_1_266' title='bbox 295 2736 499 2800; x_wconf 88' lang='lat' dir='ltr'>impudentissimae</span> <span class='ocrx_word' id='word_1_267' title='bbox 520 2737 628 2783; x_wconf 88' lang='lat' dir='ltr'>libertatis</span> <span class='ocrx_word' id='word_1_268' title='bbox 646 2738 781 2783; x_wconf 90' lang='lat' dir='ltr'>amatoribus</span> <span class='ocrx_word' id='word_1_269' title='bbox 801 2736 947 2783; x_wconf 90' lang='lat' dir='ltr'>concordiam</span> 
     </span>
     <span class='ocr_line' id='line_1_34' title="bbox 96 2819 948 2883; baseline -0.011 -12"><span class='ocrx_word' id='word_1_270' title='bbox 96 2827 171 2882; x_wconf 79' lang='lat' dir='ltr'>illam,</span> <span class='ocrx_word' id='word_1_271' title='bbox 191 2838 248 2883; x_wconf 89' lang='lat' dir='ltr'>quac</span> <span class='ocrx_word' id='word_1_272' title='bbox 269 2835 358 2881; x_wconf 91' lang='lat' dir='ltr'>semper</span> <span class='ocrx_word' id='word_1_273' title='bbox 375 2820 410 2865; x_wconf 90' lang='lat' dir='ltr'>rei</span> <span class='ocrx_word' id='word_1_274' title='bbox 434 2831 513 2862; x_wconf 90' lang='lat' dir='ltr'>sacrae</span> <span class='ocrx_word' id='word_1_275' title='bbox 529 2825 551 2863; x_wconf 91' lang='lat' dir='ltr'>et</span> <span class='ocrx_word' id='word_1_276' title='bbox 569 2819 629 2863; x_wconf 87' lang='lat' dir='ltr'>civili</span> <span class='ocrx_word' id='word_1_277' title='bbox 645 2819 717 2865; x_wconf 83' lang='lat' dir='ltr'>fausta</span> <span class='ocrx_word' id='word_1_278' title='bbox 734 2821 804 2865; x_wconf 81' lang='lat' dir='ltr'>extitit</span> <span class='ocrx_word' id='word_1_279' title='bbox 820 2834 847 2865; x_wconf 90' lang='lat' dir='ltr'>ac</span> <span class='ocrx_word' id='word_1_280' title='bbox 863 2819 948 2865; x_wconf 84' lang='lat' dir='ltr'>saluta-</span> 
     </span>
     <span class='ocr_line' id='line_1_35' title="bbox 96 2900 952 2964; baseline -0.011 -11"><span class='ocrx_word' id='word_1_281' title='bbox 96 2910 142 2953; x_wconf 68' lang='lat' dir='ltr'>ris&lt;</span> <span class='ocrx_word' id='word_1_282' title='bbox 153 2913 181 2964; x_wconf 78' lang='lat'>²).</span> <span class='ocrx_word' id='word_1_283' title='bbox 213 2907 255 2950; x_wconf 91' lang='lat' dir='ltr'>Per</span> <span class='ocrx_word' id='word_1_284' title='bbox 267 2905 327 2950; x_wconf 90' lang='lat' dir='ltr'>illam</span> <span class='ocrx_word' id='word_1_285' title='bbox 338 2903 411 2948; x_wconf 86' lang='lat' dir='ltr'>thesin</span> <span class='ocrx_word' id='word_1_286' title='bbox 429 2914 573 2960; x_wconf 88' lang='lat' dir='ltr'>quaecuuque</span> <span class='ocrx_word' id='word_1_287' title='bbox 584 2902 620 2947; x_wconf 86' lang='lat' dir='ltr'>fila</span> <span class='ocrx_word' id='word_1_288' title='bbox 635 2901 726 2956; x_wconf 83' lang='lat' dir='ltr'>vinculi,</span> <span class='ocrx_word' id='word_1_289' title='bbox 744 2907 766 2946; x_wconf 94' lang='lat' dir='ltr'>et</span> <span class='ocrx_word' id='word_1_290' title='bbox 782 2901 897 2961; x_wconf 91' lang='lat' dir='ltr'>imperium</span> <span class='ocrx_word' id='word_1_291' title='bbox 913 2900 952 2944; x_wconf 88' lang='lat' dir='ltr'>ci·-</span> 
     </span>
     <span class='ocr_line' id='line_1_36' title="bbox 67 2969 948 3049; baseline -0.008 -15"><span class='ocrx_word' id='word_1_292' title='bbox 67 3042 70 3046; x_wconf 42' lang='grc'>,</span> <span class='ocrx_word' id='word_1_293' title='bbox 97 2989 142 3034; x_wconf 85' lang='lat' dir='ltr'>vile</span> <span class='ocrx_word' id='word_1_294' title='bbox 159 2996 182 3035; x_wconf 86' lang='lat' dir='ltr'>et</span> <span class='ocrx_word' id='word_1_295' title='bbox 199 2986 319 3032; x_wconf 89' lang='lat' dir='ltr'>ecclesiam</span> <span class='ocrx_word' id='word_1_296' title='bbox 336 2969 471 3029; x_wconf 89' lang='lat' dir='ltr'>continentis</span> <span class='ocrx_word' id='word_1_297' title='bbox 487 2982 561 3027; x_wconf 77' lang='lat' dir='ltr'>laxata</span> <span class='ocrx_word' id='word_1_298' title='bbox 586 2995 659 3049; x_wconf 84' lang='lat' dir='ltr'>esse,</span> <span class='ocrx_word' id='word_1_299' title='bbox 675 2982 778 3042; x_wconf 89' lang='lat' dir='ltr'>idemque</span> <span class='ocrx_word' id='word_1_300' title='bbox 800 2996 875 3028; x_wconf 88' lang='lat' dir='ltr'>rerum</span> <span class='ocrx_word' id='word_1_301' title='bbox 891 2986 948 3027; x_wconf 86' lang='lat' dir='ltr'>statu</span> 
     </span>
    </p>
   </div>
   <div class='ocr_carea' id='block_1_3' title="bbox 100 3095 318 3107">
    <p class='ocr_par' dir='ltr' id='par_1_4' title="bbox 100 3095 318 3107">
     <span class='ocr_line' id='line_1_37' title="bbox 100 3095 318 3107; baseline 0 -7"><span class='ocrx_word' id='word_1_302' title='bbox 100 3095 318 3107; x_wconf 40' lang='lat' dir='ltr'>*J</span> 
     </span>
    </p>
   </div>
   <div class='ocr_carea' id='block_1_4' title="bbox 138 3155 948 3282">
    <p class='ocr_par' dir='ltr' id='par_1_5' title="bbox 138 3155 948 3282">
     <span class='ocr_line' id='line_1_38' title="bbox 141 3155 948 3211; baseline -0.001 -17"><span class='ocrx_word' id='word_1_303' title='bbox 141 3160 160 3211; x_wconf 75' lang='grc'>1)</span> <span class='ocrx_word' id='word_1_304' title='bbox 176 3160 263 3196; x_wconf 84' lang='lat' dir='ltr'>Censure</span> <span class='ocrx_word' id='word_1_305' title='bbox 275 3158 300 3195; x_wconf 88' lang='lat' dir='ltr'>de</span> <span class='ocrx_word' id='word_1_306' title='bbox 314 3158 339 3195; x_wconf 84' lang='lat' dir='ltr'>tl.</span> <span class='ocrx_word' id='word_1_307' title='bbox 350 3157 402 3193; x_wconf 80' lang='lat' dir='ltr'>dela</span> <span class='ocrx_word' id='word_1_308' title='bbox 415 3156 506 3193; x_wconf 71' lang='lat' dir='ltr'>bienniis</span> <span class='ocrx_word' id='word_1_309' title='bbox 517 3170 551 3207; x_wconf 79' lang='lat' dir='ltr'>par</span> <span class='ocrx_word' id='word_1_310' title='bbox 566 3157 710 3210; x_wconf 71' lang='lat' dir='ltr'>l&#39;Arclre&#39;virque</span> <span class='ocrx_word' id='word_1_311' title='bbox 724 3157 749 3195; x_wconf 87' lang='lat' dir='ltr'>de</span> <span class='ocrx_word' id='word_1_312' title='bbox 763 3159 780 3196; x_wconf 89' lang='lat' dir='ltr'>T</span> <span class='ocrx_word' id='word_1_313' title='bbox 783 3158 867 3194; x_wconf 80' lang='lat' dir='ltr'>oulouse</span> <span class='ocrx_word' id='word_1_314' title='bbox 881 3169 900 3207; x_wconf 88' lang='lat' dir='ltr'>p.</span> <span class='ocrx_word' id='word_1_315' title='bbox 916 3155 948 3194; x_wconf 70' lang='grc'>[14.</span> 
     </span>
     <span class='ocr_line' id='line_1_39' title="bbox 138 3228 648 3282; baseline -0.008 -15"><span class='ocrx_word' id='word_1_316' title='bbox 138 3230 158 3282; x_wconf 71' lang='lat' dir='ltr'>Q)</span> <span class='ocrx_word' id='word_1_317' title='bbox 174 3230 264 3279; x_wconf 80' lang='lat' dir='ltr'>Gregorii</span> <span class='ocrx_word' id='word_1_318' title='bbox 280 3230 325 3267; x_wconf 80' lang='lat' dir='ltr'>XVI</span> <span class='ocrx_word' id='word_1_319' title='bbox 340 3229 425 3279; x_wconf 81' lang='lat' dir='ltr'>epistola</span> <span class='ocrx_word' id='word_1_320' title='bbox 441 3228 545 3275; x_wconf 81' lang='lat' dir='ltr'>Encpclica</span> <span class='ocrx_word' id='word_1_321' title='bbox 560 3243 576 3266; x_wconf 83' lang='lat' dir='ltr'>a.</span> <span class='ocrx_word' id='word_1_322' title='bbox 592 3228 648 3266; x_wconf 72' lang='lat'>1832.</span> 
     </span>
    </p>
   </div>
   <div class='ocr_carea' id='block_1_5' title="bbox 0 0 1012 3399">
    <p class='ocr_par' dir='ltr' id='par_1_6' title="bbox 0 0 1012 3399">
     <span class='ocr_line' id='line_1_40' title="bbox 0 0 1012 3399; baseline 0 0"><span class='ocrx_word' id='word_1_323' title='bbox 0 0 1012 3399; x_wconf 95' lang='lat' dir='ltr'> </span> 
     </span>
    </p>
   </div>
  </div>
 </body>
</html>
