1979 3399
116 259 118 261 »
175 241 241 287 suum
258 239 323 285 quam
338 226 387 270 ficri
402 230 477 284 potest
490 223 616 276 certissime
628 225 762 282 pronuntiet.
796 224 872 283 ltaque
889 224 945 269 ordo

122 315 124 317 ’
177 312 262 365 rogat,
278 308 311 351 nc'
324 305 410 351 celsum
426 305 487 364 regis
502 305 649 349 ministerium
664 303 723 348 malo
738 308 829 362 vertere
844 305 911 360 velit,
928 306 947 350 si

178 387 268 445 quando
285 388 334 447 ipse
351 386 404 432 data
421 386 545 432 occasione
563 384 606 430 hac
626 384 708 440 tradita
720 388 749 429 -et
763 372 838 444 ‘quarn
851 388 947 431 maxime

179 467 270 513 delinita
296 467 388 523 dicendi
414 465 578 514 consuetudine
601 464 759 525 theologorum
783 465 946 513 catholicorum

125 564 127 566 ·
172 555 260 595 utetur.
725 593 726 596 ,

194 672 196 674 ,
215 631 309 688 Borrnac
327 631 349 677 d.
368 632 398 677 90
414 645 443 676 rn.
458 628 579 686 Novernlrr.
599 628 666 673 1827.

747 708 872 754 Hermes

249 841 250 845 Ἰ
648 839 650 841 ,
705 787 792 833 ordinis
809 790 922 833 nominc.“

275 860 285 878 .
670 867 671 870 ,

128 1000 129 1003 ,
149 952 214 1005 Plura
230 951 342 1005 etiamad
358 949 554 996 Wiudisehmauui
572 950 682 996 adversus
698 941 838 996 Hermesium
856 963 947 1009 operam

88 1036 111 1077 et
128 1031 241 1078 Hernresii
260 1032 290 1078 ad
314 1031 402 1076 ciuilem
420 1031 570 1076 Borussorum
590 1036 723 1090 potestatem
740 1031 851 1077 rationein
869 1032 949 1077 decla.

87 1113 182 1164 raudam
198 1113 285 1157 afferre.
296 1113 406 1169 uolumus,
421 1113 555 1170 praesertim
571 1125 621 1162 euru
638 1126 666 1157 ea
684 1125 722 1157 res
739 1112 763 1155 in
777 1111 891 1171 Apologia
905 1112 949 1157 El-

88 1191 205 1245 ccoicltii,
231 1192 255 1235 in
272 1189 390 1246 Obeliscis,
405 1191 428 1235 in
445 1189 563 1234 Adclstoni
578 1190 652 1248 libro,
680 1193 716 1237 cui
734 1193 810 1238 titulus
828 1192 950 1237 Gainounia

87 1276 155 1329 atquc
166 1271 252 1330 alienia,
270 1277 298 1325 ct
308 1283 380 1328 nuper
394 1269 514 1315 admodum
532 1272 555 1315 in
572 1283 657 1329 opere,
673 1272 733 1330 quod
750 1274 881 1332 inscriptum
898 1278 948 1318 est:

86 1350 193 1396 Hernirtos
210 1355 233 1394 ct
247 1353 321 1395 stotos
338 1362 368 1393 ccc
384 1348 457 1393 turbis
471 1362 516 1406 per
525 1348 661 1395 Borossioua
673 1351 950 1408 ecclesiastico-politicis,

87 1432 141 1477 satis
160 1432 268 1476 illustrata
285 1431 321 1475 sit.
334 1473 341 1489 „X
355 1429 380 1473 In
396 1429 440 1475 hoe
456 1428 532 1487 libro,
557 1443 623 1488 quern
646 1430 799 1476 rdtirnofloco
821 1418 951 1482 noiniuaui-

87 1525 153 1570 mus,
171 1512 290 1565 verissime
306 1515 425 1556 monetur:
453 1509 489 1568 „Si
506 1509 669 1555 Ultramontani
691 1510 809 1562 affirmare
821 1525 868 1557 non
885 1513 950 1558 desi-

89 1598 161 1650 nunt,
186 1592 279 1644 civilem,
295 1591 446 1637 Borussorum
471 1595 606 1649 potestatem
629 1604 693 1636 usam
715 1604 768 1637 esse
790 1592 952 1650 Hermesianis‚

89 1673 180 1718 nescias
197 1671 251 1731 quid
267 1671 339 1730 magis
354 1671 451 1727 mireris,
466 1670 774 1721 malitiamneafsrrmantium
791 1686 820 1717 arr
838 1673 953 1718 stultitiam

90 1750 389 1811 credentiumssv--UAlque
405 1751 454 1809 ipse
467 1751 592 1805 ‚Perromus
617 1760 638 1809 p.
657 1751 687 1796 32
704 1751 800 1797 scribit:
827 1754 953 1811 „Borusso

92 1847 141 1879 rum
159 1832 220 1877 civili
237 1831 360 1891 potestati,
389 1836 413 1876 ut
437 1844 504 1890 supra
521 1832 660 1888 memoravi,
687 1830 716 1876 ob
734 1846 815 1878 causas
832 1834 885 1878 item
902 1841 953 1881 ante

92 1914 239 1973 significatas,
254 1911 345 1970 placere
361 1909 497 1967 videbatur,
517 1909 577 1970 quod
591 1909 675 1968 prodiit
691 1909 823 1968 decretum,
840 1912 902 1956 cuius
919 1914 956 1957 sc-

91 1993 162 2048 cimus
180 1992 328 2036 mentionem:
345 1990 393 2033 iarn
409 1988 468 2033 onim
486 2001 548 2035 arma
564 1989 650 2034 habere
661 1989 787 2046 uidebatur,
804 1991 883 2049 quilius
896 1992 956 2037 Her-

92 2074 206 2118 mcsianos
223 2071 370 2126 humiliaret,
396 2074 516 2129 propterca
541 2069 601 2129 quod
621 2070 645 2114 hi
662 2070 744 2129 optatis
760 2072 809 2116 eius
823 2072 846 2116 in
862 2073 955 2132 negotio

95 2155 216 2199 mixtorum
234 2150 400 2197 connubiorum
418 2149 532 2195 adversati
549 2155 620 2195 crant.
663 2152 800 2209 Quamquam
816 2152 875 2197 haec
890 2159 957 2211 pote-

96 2240 143 2280 stas
159 2235 189 2288 oh
206 2233 346 2290 propositum
363 2231 424 2290 quod
440 2232 632 2290 persequebatur,
663 2232 778 2276 decretum
795 2246 813 2276 s.
831 2232 892 2277 sedis
910 2247 957 2277 non

97 2312 187 2371 publice
204 2313 332 2369 emittebat,
351 2317 426 2356 tarneu
443 2312 511 2367 fecit,
532 2317 556 2357 ut
576 2312 599 2355 in
615 2319 680 2357 usum
697 2317 883 2368 converteretur,
906 2326 956 2357 cunr

97 2392 248 2450 praeciperet,
263 2397 287 2436 ut
303 2393 386 2449 scripta
402 2391 514 2435 Hermesii
529 2405 558 2436 ex
573 2390 658 2436 scholis
674 2390 791 2435 catholicis
806 2405 956 2438 removeren-

98 2477 141 2528 tur,
160 2475 182 2516 et
199 2471 367 2529 professoribus
383 2471 542 2527 interdiceret,
559 2484 593 2514 nc,
603 2471 626 2514 in
643 2472 732 2531 scriptis
749 2472 870 2532 quidquam
885 2474 957 2519 doce-

97 2557 156 2608 rent,
173 2550 233 2609 quod
251 2551 300 2595 eius
317 2552 432 2608 systemati
450 2563 576 2595 connexum
593 2556 661 2597 esset.
693 2552 778 2598 Eadem
795 2556 886 2612 insuper
901 2568 958 2612 pro-

99 2627 201 2679 fessores
213 2630 368 2690 inspiciendos
381 2630 475 2687 curavit,
491 2643 520 2674 ne
536 2631 572 2676 liis
587 2632 654 2677 iussis
671 2632 865 2680 adversarentur.“
895 2635 956 2680 Haec

99 2713 201 2760 Perronii
216 2712 285 2757 verba
302 2710 370 2770 digna
388 2715 446 2766 suut,
464 2723 521 2768 quae
538 2712 683 2758 conferantur
699 2714 740 2770 iis,
762 2728 820 2772 quae
837 2715 859 2757 in
877 2714 957 2758 Homi-

99 2795 166 2840 nibus
183 2799 205 2838 ct
219 2792 316 2838 statibus
334 2807 354 2851 p.
372 2792 403 2837 35
421 2792 479 2837 dicta
496 2799 553 2838 suut.
586 2794 663 2852 Plura,
681 2810 738 2855 quae
755 2796 875 2841 Petronius
889 2795 957 2840 modo

100 2877 178 2933 attulit,
190 2875 221 2939 iis
239 2874 411 2919 confirmantur:
430 2870 496 2916 multa
513 2872 555 2917 alia
574 2888 631 2932 quac
647 2877 730 2921 ibidem
739 2877 894 2935 pronuntiavit
903 2876 958 2920 falsa

101 2965 159 3004 sunt.
192 2957 241 3002 Hoc
256 2962 280 3001 ut
298 2958 321 3001 in
337 2956 411 3001 lucem
427 2953 584 3014 producamus,
602 2958 645 3000 iam
659 2971 720 3001 nunc
738 2959 816 3002 minus
826 2957 892 3001 uobis
909 2958 959 3016 pla-

103 3044 156 3083 cet:
180 3036 222 3082 sed
239 3036 262 3082 id
280 3037 304 3081 iu
320 3041 398 3095 aperto
414 3039 465 3090 est,
493 3033 550 3079 lrace
567 3036 667 3081 Perronii
683 3037 753 3082 verba
777 3038 890 3083 contraria
908 3051 958 3083 csse

103 3120 234 3177 proposito,
261 3117 322 3176 quod
338 3119 357 3163 is
374 3123 421 3163 toto
439 3116 496 3161 libro
516 3129 556 3162 suo
581 3123 671 3164 secutus
689 3123 730 3164 cst.
773 3119 828 3166 Nam
845 3118 958 3179 quomodo

104 3197 199 3257 intelligi
221 3204 310 3257 potest,
336 3198 424 3245 civilem
439 3197 587 3244 Borussorunr
612 3204 746 3259 potestatem
769 3199 958 3248 llerrucsianismc
