1979 3399
379 35 596 89 -ea-·

40 178 100 224 hene
117 178 231 239 cognitum
254 178 282 226 iis
306 184 371 240 erat,
392 181 559 227 Lameaaaeum
582 177 628 223 hoc
648 179 767 237 praetextu
791 191 804 225 a
824 180 905 227 Carte-

41 259 106 304 siana
129 259 270 319 philosophia
292 260 394 305 desumto
412 273 477 305 usum
494 273 564 317 esse,
587 262 611 303 ut
634 256 769 303 catholicam
786 260 905 306 scientiam

40 344 154 385 everteret
169 342 192 386 in
211 342 304 399 eiusque
320 339 394 385 locum
411 353 451 384 sua
467 340 576 398 principia
593 341 718 386 induceret.

103 421 145 476 Qui
162 427 207 467 tam
226 422 254 467 de
271 422 351 466 haere
369 434 434 479 quam
451 419 479 464 de
496 420 546 465 aliis
561 420 633 466 multis
650 434 700 465 curn
717 432 744 464 ea
763 418 844 464 iunctis
861 430 903 462 ae-

42 504 118 545 curate
135 501 228 546 edoceri
245 513 270 546 sc
287 500 359 558 cupit,
384 500 404 544 is
421 499 500 557 legere
516 500 570 543 velit
583 499 709 545 Historiam
724 513 799 545 nocue
813 498 906 543 Haere-

40 580 73 625 sc's
87 581 174 626 sacculi
190 578 351 624 aradeolccsind
368 578 396 623 nb
412 578 519 635 episcopo
535 577 672 637 llldrocensa',
689 582 779 626 Galillon
797 579 904 625 conscri-

41 665 138 718 ptam1).
171 659 371 719 Obstupescimus,
393 672 443 703 cum
460 658 576 717 videratis,
600 671 643 717 qua
659 659 751 704 licentia
762 664 770 717 ,'
792 674 835 718 qua
855 660 903 705 oris

40 742 179 799 procacitate
197 744 219 784 et
237 740 393 784 Lamennaeus
410 742 432 782 et
449 736 529 782 aemuli
545 737 602 793 eiua,
620 737 784 783 adolescentuli
800 740 823 783 in
835 738 904 783 theo-

39 820 100 878 logia
117 820 185 866 rudes
207 818 320 878 iidemque
343 822 419 862 tamen
434 817 520 875 inllati,
542 818 663 877 episcopos
678 819 765 864 Franco
776 846 790 854 -
800 818 906 876 Gallicos,

39 900 160 960 theologos
176 899 374 956 Franco-Galliae,
392 898 489 956 denique
507 911 586 943 omnes
608 899 691 957 prioris
708 900 759 944 aevi
775 899 905 959 theologos,

40 981 175 1040 quinorum
191 981 251 1027 istud
267 979 409 1039 evangelium
426 982 463 1024 aut
478 978 611 1038 ignorarent
628 983 665 1025 aut
684 979 844 1037 repudiarent,
861 993 906 1039 pe-

39 1062 137 1106 tiverint.
168 1061 202 1106 Eo
219 1063 271 1106 iam
296 1061 453 1117 devenerant,
476 1064 500 1105 ut
520 1059 659 1118 theologos,
685 1059 755 1118 qualis
771 1060 905 1105 Bossuetius

40 1141 86 1198 suit,
104 1155 169 1201 quern
186 1126 283 1186 saeculis
301 1140 382 1185 lutaris
406 1138 505 1183 ecclesia
525 1137 638 1183 catholica
655 1138 736 1183 eadem
753 1138 904 1184 admiratione

39 1228 195 1281 prosequetur,
213 1236 278 1281 quam
294 1222 313 1266 is
332 1220 406 1265 adhuc
416 1220 530 1277 excitavit,
547 1220 695 1266 atrocissimis
705 1219 831 1265 maledictis
846 1233 904 1278 pro-

40 1303 185 1361 scinderent,
208 1308 232 1349 ut
249 1316 295 1348 non
313 1301 385 1347 solum
403 1301 490 1361 ingenii
506 1301 564 1346 illius
582 1301 625 1347 viri
641 1300 738 1359 gloriam
755 1301 797 1345 sed
814 1313 903 1348 morum

40 1382 106 1426 etiam
124 1384 276 1443 integritatem
300 1383 465 1438 adnecterent,
487 1382 546 1427 adeo
570 1386 593 1426 ut
612 1384 682 1439 ipsum
701 1382 841 1439 proditorem
859 1397 902 1428 cc-

41 1462 140 1520 clesiae,
160 1458 233 1509 ἄθεον
249 1463 401 1522 appellarent!
445 1462 490 1510 Sed
506 1476 552 1508 non
567 1461 640 1507 minus
656 1461 780 1519 miramur,
804 1476 854 1508 cum
873 1476 902 1509 ex

38 1542 84 1588 hoc
100 1555 169 1602 opere
186 1544 361 1601 cognoscimus,
377 1544 473 1588 eandem
491 1556 543 1587 esse
561 1541 700 1596 doctrinam,
729 1541 810 1586 eadem
833 1542 901 1587 etiam

39 1622 157 1678 subsidia,
174 1622 253 1681 quihus
269 1637 310 1681 per
327 1623 469 1668 Germaniam
485 1626 589 1677 utuntur,
612 1635 639 1665 ae
656 1621 778 1681 praecipue
795 1622 824 1668 ad
840 1623 901 1670 ller-

38 1703 133 1746 mesium
159 1708 181 1746 et
206 1701 328 1760 discipulos
347 1704 395 1746 eius
411 1702 592 1761 impugnandos,
615 1706 639 1746 ut
660 1702 762 1747 doctrina
778 1716 791 1748 a
805 1703 904 1749 Lamen-

38 1795 97 1826 naeo
113 1784 253 1841 dispersam
269 1784 390 1828 Germania
406 1782 497 1827 radices
515 1796 585 1841 agere
601 1782 681 1840 possit.

101 1861 126 1907 ln
144 1861 263 1908 Germania
283 1862 397 1908 Gartcsius
414 1873 460 1907 non
478 1866 541 1908 erat:
567 1864 643 1907 statim
665 1861 731 1907 huius
747 1868 824 1922 partes
842 1863 903 1909 Her-

39 1941 110 1985 mesio
128 1941 276 1988 demandatae
294 1947 353 1987 sunt.
393 1942 484 2002 lamque
500 1944 523 1988 in
540 1942 583 1988 hac
600 1947 661 1989 terra
678 1955 706 1987 eo
724 1944 834 1990 audaciae
850 1958 903 2003 pro-

38 2019 112 2078 gressi
129 2024 196 2077 sunt,
221 2025 245 2066 ut
265 2032 312 2066 non
335 2020 424 2067 oecrrlto
447 2025 469 2066 et
491 2035 532 2081 per
548 2021 656 2082 ambages
675 2023 800 2070 [loctunam
818 2029 840 2070 et
859 2025 903 2070 do-

38 2099 105 2144 cendi
121 2099 250 2145 methodum
264 2101 400 2146 Lamennaei
425 2100 547 2156 adiuvent,
573 2102 615 2148 sed
632 2102 705 2161 palam
723 2104 840 2149 celebrare
854 2118 899 2150 au·
968 2108 971 2112 “

38 2178 112 2224 deant.
143 2179 219 2237 Nuper
235 2180 302 2224 eliam
320 2179 399 2226 diurna
417 2181 574 2227 ecclesiastica
592 2183 710 2240 catholica,
727 2184 899 2244 quaeFranco-

38 2259 90 2315 liudi
107 2260 134 2303 ab
151 2259 337 2318 Hoeiaingl1a11stc
353 2262 494 2320 evtdgantur,
510 2268 588 2321 aperte
603 2263 801 2321 proclamaverunt
810 2270 840 2321 ²),
858 2266 902 2321 da-

38 2345 113 2384 mnata
132 2341 243 2387 Hermesii
266 2342 368 2386 doctrina
391 2347 459 2386 totam
481 2343 630 2402 Theologiam
650 2344 802 2402 catholicam,
829 2347 901 2404 qualis

38 2419 153 2478 hucusque
160 2434 200 2479 per
211 2423 328 2480 imperium
339 2423 481 2467 Austriacum
492 2425 609 2484 viguisset,
622 2438 755 2470 concussam
766 2439 826 2483 esse,
842 2427 902 2486 apud

20 2499 138 2574 ‘iuniores
159 2501 281 2561 theologos
298 2502 433 2549 diffamatam
451 2517 518 2563 esse,
544 2510 566 2549 et-
581 2519 635 2551 mox
651 2505 716 2562 lore,
741 2511 765 2551 ut
782 2507 820 2552 illa
837 2521 903 2567 ,sce-

37 2582 115 2635 ptratus
130 2578 197 2623 ditate
211 2581 393 2641 plumbeamque„
405 2584 472 2629 nr'nst'a
491 2586 529 2631 din
544 2584 676 2641 abaciacum,
694 2587 791 2632 amittatl

101 2657 146 2704 Sed
163 2671 206 2717 quo
225 2662 316 2708 tarnlem
338 2677 376 2710 res
393 2666 484 2723 veniet,
510 2667 530 2713 si
544 2670 608 2712 vetus
625 2668 720 2713 seientia
737 2669 761 2713 in
779 2667 829 2713 dies
849 2681 900 2713 ma-
951 2731 956 2736 Δ

81 2875 101 2927 1)
117 2876 206 2913 Histoire
221 2876 246 2914 de
260 2879 280 2915 la
293 2883 389 2921 nouvelle
397 2884 481 2923 Hdrdsie
496 2885 523 2922 du
539 2884 590 2922 XIX.
604 2885 666 2922 siecle
680 2898 705 2921 ou
722 2885 832 2921 refutation
847 2896 902 2921 eom-

114 2945 169 2996 plele
184 2945 218 2983 des
233 2961 329 2999 ouvrages
345 2952 370 2991 de
385 2954 456 2992 l'dbbe'
471 2954 496 2993 de
515 2956 534 2992 la
548 2955 653 3002 hlerrnais5
668 2968 703 3003 par
719 2954 745 2990 tl.
760 2954 784 2991 N.
800 2955 820 2992 s,
838 2956 897 2993 Guil-

116 3017 163 3062 lon,
182 3018 262 3068 Eveque
278 3020 303 3057 dc
318 3023 388 3062 hlaroc
409 3033 430 3064 el
444 3028 559 3064 Prol'esseur
574 3026 709 3076 d'Eloquenee
726 3027 794 3064 sac-vde
808 3027 819 3067 ἱι
835 3028 855 3066 la
870 3030 901 3066 fo-

118 3090 172 3126 eulte'
186 3090 211 3127 de
226 3090 339 3143 The'ologle
355 3096 380 3134 de
394 3098 452 3136 Puris.
467 3101 502 3137 lIl¹
518 3100 599 3136 'sontes
614 3098 666 3135 Paris
681 3097 739 3135 1835.

79 3156 99 3208 2)
112 3172 130 3197 v.
145 3160 246 3202 Volurneu
260 3165 309 3203 anni
325 3166 381 3209 1830,
397 3167 436 3208 No.
451 3170 483 3208 39.
499 3183 543 3223 pag·
558 3168 604 3208 sot.
