1979 3399
413 79 449 133 ὲ-
490 98 543 147 ooo
579 122 616 133 ,-

176 241 291 287 molestam
310 236 477 298 quodammodo
491 249 543 281 esse
561 235 627 280 honis
644 234 699 279 viris
710 239 734 280 ct·
751 235 826 281 officio
844 249 885 281 sno
902 248 943 280 sa-

179 320 356 375 tisfacientibus,
380 331 447 363 uerno
472 323 551 362 tamen
569 316 606 375 qni
633 314 750 360 scientiam
772 311 795 360 ct
811 316 944 377 religionem

177 403 237 448 serio
264 402 404 462 amplectitur
424 400 448 446 id
475 397 534 458 qnod
552 402 654 456 tempora
671 395 785 455 postulant
800 395 944 453 detrectabit,

178 483 300 529 dummodo
326 495 435 529 censores
455 482 513 526 benc
537 479 649 539 legantur
682 477 727 525 Sed
751 476 796 521 hoc
813 477 884 535 ipsum
903 490 945 522 nos

178 580 190 610 a
208 566 318 625 sapientia
339 566 419 611 summi
443 563 514 609 nostri
534 563 678 621 magistratus
696 562 853 617 exspectamus
869 570 944 616 neque

178 660 301 704 veremur,
329 660 359 691 ne
382 659 420 692 res
442 646 507 690 aliter
526 643 598 688 cadat.
631 640 720 685 Minime
738 640 857 699 optandum
870 645 943 696 esset,

179 729 240 788 quod
264 734 353 775 secreto
371 733 394 773 et
408 728 504 773 fiduciae
522 725 601 783 plenus
618 722 657 768 tihi
670 722 738 780 dico,
761 729 785 768 ut
802 727 877 768 certus
894 720 945 766 Ali-

181 811 231 868 quis
248 838 278 844 —
296 838 327 845 -
343 838 374 845 -
392 807 485 853 Confido
502 805 614 865 equidem,
631 809 714 848 memet
730 817 743 847 a
760 808 790 860 te,
808 803 842 847 vir
859 791 945 847 summo

179 890 232 935 loeo
251 895 321 947 nate,
343 890 414 934 rirum
432 889 526 946 probum
543 886 629 931 haberi.
662 885 683 929 ls
703 897 752 929 cum
769 885 826 940 sim,
848 882 945 928 officium

179 984 253 1015 meum
263 971 377 1029 postulare
396 968 474 1025 crede,
489 973 512 1013 ut
529 994 556 1000 -
576 995 605 1000 —
622 994 650 1001 ·-
663 971 691 1026 Ι).
725 964 827 1010 Ceterum
840 978 892 1023 spes
909 978 946 1008 me

179 1056 254 1107 tenet,
273 1052 323 1096 fore
339 1056 363 1095 ut
379 1050 454 1095 severi
472 1053 632 1108 praeceptores
648 1059 733 1091 morem
751 1048 774 1091 in
792 1047 946 1092 universitati-

181 1134 223 1176 bus
249 1132 387 1176 obtinentem
413 1142 465 1174 mox
484 1129 507 1173 111
524 1127 603 1172 melius
622 1132 755 1172 corinertant
774 1140 848 1185 eoque
864 1125 945 1171 molem

180 1214 265 1258 firmam
289 1214 399 1258 adversus
423 1213 525 1258 stultitias
544 1211 624 1256 aetatis
640 1215 732 1255 nostrae
749 1208 865 1254 obiiciant.
897 1207 946 1253 Hoc

180 1292 270 1349 quiderm
282 1299 368 1338 certum
385 1300 428 1351 est,
445 1294 534 1347 11111111
549 1305 602 1337 mox
617 1290 671 1335 boni
688 1294 710 1333 et
726 1291 835 1348 generosi
851 1291 946 1335 Iuvenes

178 1383 261 1429 magno
274 1384 369 1416 munero
386 1373 534 1417 maturitatem
551 1373 706 1428 assequantur,
723 1370 761 1427 apri
776 1369 876 1415 nondum
891 1384 947 1415 rer-

179 1453 251 1511 tigine
278 1466 376 1497 nervosa
404 1454 502 1511 correpti
527 1457 583 1497 sunt.
616 1449 725 1509 Equidem
748 1463 789 1508 pro
812 1463 863 1495 inea
886 1451 945 1496 virili

180 1536 243 1589 parte
259 1531 305 1577 hoo
322 1533 430 1577 adiurare
447 1532 507 1576 onrm
524 1533 603 1576 sirium
622 1531 766 1576 contentione
779 1531 858 1576 studeo
875 1545 946 1589 prae-

177 1611 356 1670 lectionibusque
382 1612 438 1656 meis
465 1612 493 1655 de
516 1611 611 1655 historia
628 1610 784 1669 philosophiae
803 1602 828 1655 et
844 1612 946 1656 doctrina

179 1692 260 1738 morali
284 1692 366 1737 habitis
386 1693 490 1737 fiduciam
507 1694 551 1737 mei
567 1693 644 1751 peperi
663 1697 685 1735 et
702 1691 725 1734 in
740 1691 839 1748 pluribus
857 1692 948 1737 audito-

181 1772 244 1816 ribus
260 1773 316 1817 meis
333 1773 478 1817 fundamenta
496 1773 568 1830 probe
584 1773 636 1828 ieci,
654 1769 733 1829 quibus
753 1770 846 1815 coelesti
863 1772 946 1817 auxilio

182 1851 308 1897 aedificium
325 1866 388 1896 suum
406 1856 565 1909 superstruant.
599 1852 653 1895 ltem
663 1850 753 1894 hiemali
763 1856 871 1909 tempore,
888 1853 947 1911 quod

182 1931 265 1984 instat,
290 1930 389 1990 logicam
411 1930 518 1989 exemplis
537 1931 595 1975 bene
613 1932 742 1989 instructam
759 1931 880 1978 traditurus
898 1946 947 1977 sum

182 2026 210 2055 ac
227 2012 286 2055 bona
303 2012 389 2056 semina
406 2012 428 2055 111
445 2012 531 2056 aninros
553 2011 662 2057 iuveniles
686 2012 946 2071 dispergereconabor.

181 2090 242 2136 11111111
266 2091 354 2149 quidem
377 2105 406 2135 ex
421 2090 589 2148 professoribus
606 2091 678 2136 minus
694 2091 774 2137 adultis
792 2091 845 2136 mihi
864 2091 948 2145 adrer-

183 2175 261 2214 santur
278 2174 345 2229 alque
359 2170 476 2215 iuvenibus
495 2171 569 2216 lircmn
589 2171 666 2217 facere
682 2173 790 2229 nituntur,
807 2185 862 2217 sane
880 2185 948 2230 saepe

181 2250 222 2308 ipsi
241 2252 339 2308 corrupti
355 2251 383 2294 ab
401 2251 450 2296 aliis
468 2244 490 2296 et
504 2253 527 2296 in
543 2265 622 2296 errore
636 2258 762 2297 versantes.
779 2252 948 2306 Quamobrem

183 2341 278 2386 magnas
291 2330 447 2373 contentiones
458 2331 560 2387 sustinui,
570 2344 643 2390 neque
653 2345 739 2387 eorum⁷
756 2333 793 2389 qui
806 2333 830 2375 in
847 2345 948 2376 errorem

188 2407 277 2451 seducti
302 2413 382 2464 erant,
400 2409 549 2454 faveremus
566 2423 628 2455 sum:
655 2412 696 2455 sed
715 2411 858 2456 nihilominus
873 2412 948 2470 magni

189 2486 318 2531 existimare
335 2500 370 2530 me
387 2489 460 2531 coacti
474 2495 531 2543 sunt,
548 2494 571 2533 et
586 2490 676 2547 saepius
693 2496 797 2548 expertus
814 2505 877 2546 sum,
898 2503 947 2546 eos,

188 2577 320 2623 quamquam
344 2566 434 2623 saepius
456 2567 544 2626 ingrata
560 2567 595 2614 his
613 2569 763 2628 proferebam,
781 2584 827 2615 non
844 2571 948 2616 omisisse

184 2645 350 2702 praelectiones
377 2659 390 2690 a
415 2659 459 2689 me
477 2647 570 2693 habitas
615 2649 677 2694 llaec
698 2651 721 2695 in
746 2650 873 2696 actionibus
891 2652 947 2694 meis

184 2725 298 2786 nunquam
315 2740 350 2771 me
366 2726 502 2782 turbabunt3
526 2728 568 2773 deo
585 2731 683 2775 confisus
700 2744 792 2789 operam
810 2730 869 2776 dabo
894 2743 953 2774 cer--

185 2811 252 2864 taque
268 2820 307 2863 spe
325 2813 431 2864 erectus,
458 2812 480 2851 et
503 2810 614 2854 eeclesiae
636 2816 658 2854 et
675 2811 758 2855 ciuitati
775 2825 810 2855 me
827 2824 873 2855 non
890 2810 949 2854 male

188 2887 338 2934 consulturum
358 2902 417 2934 esse.
450 2888 520 2934 hletus
542 2889 655 2937 horminum
681 2890 774 2937 aliorum
800 2890 891 2935 onmino
913 2903 948 2934 1111

95 2996 312 3014 ”mnf—..m

138 3063 156 3112 1>
172 3063 229 3113 Quae
246 3063 285 3102 iam
302 3066 393 3116 requitur
407 3065 489 3114 copiosa
503 3063 632 3102 calumniatio
647 3066 684 3103 viri
706 3078 765 3116 quem
783 3063 949 3104 ih'indischmnm

171 3147 208 3171 nus
228 3135 310 3186 publice
327 3148 406 3186 seraper
428 3146 505 3171 aurnma
523 3133 648 3174 obseruantia
671 3142 788 3186 prosecutus
803 3142 832 3173 ast
854 3134 948 3185 publicae

173 3204 259 3241 notitiae
274 3205 411 3243 subtrahenda
426 3209 475 3241 erat
