1979 3399
366 46 594 103 ‘aes-

68 192 263 254 gis'rep‘rimilor,
285 196 304 240 si
320 203 379 239 nom
395 192 516 247 doetrmu,
533 205 591 251 qnae
609 192 720 238 rationem
738 193 801 240 nihili
817 195 895 255 pendit
910 199 933 248 et

69 277 162 322 nonnisi
180 290 272 322 caerem
289 274 354 321 tidem
370 272 474 332 postulet,
492 274 588 331 semper,
604 277 628 318 ut
643 272 692 317 fieri
709 286 764 318 sane
783 276 879 333 videtur,
896 276 932 321 lu-

69 358 114 404 tius
130 358 220 417 serpit?
260 356 296 402 Ad
312 354 371 399 lieno
391 356 548 414 quaestionem
566 353 738 400 tetfordense
755 354 869 413 solimet,
893 359 931 402 ri-

71 453 120 485 rnm
138 437 236 483 inomni
254 436 399 482 scientiarum
417 450 504 497 genero
520 437 643 493 illustrem,
667 435 842 495 respondentem
858 438 932 484 intro-

70 519 193 564 ducemus:
215 518 235 561 is
258 519 317 562 enim
343 530 389 563 non
410 520 483 564 minus
508 532 589 564 serere
612 532 678 577 quarn
695 518 825 564 Hermesius
850 518 932 564 doctae

67 599 249 657 investigationis
267 604 344 657 partes
362 599 462 644 delinivit
478 599 513 644 liis
530 599 622 644 vermis:
725 596 727 598 ’

130 680 168 737 „Si
183 667 251 725 docte
268 680 413 740 investigatio
436 693 483 725 non
503 678 548 725 hoe
568 679 705 739 proesumit,
716 703 718 705 >
729 691 781 725 esse
805 678 936 735 ueritatem,'

68 759 93 806 id
108 774 180 820 agens
197 766 289 807 strenue
307 762 438 821 fortiterque
456 766 479 806 ut
495 761 562 806 telem
579 761 681 819 recipiet,
697 760 768 820 prelis
785 760 876 805 inr'enta
893 761 944 817 sit„

68 841 110 886 sed
129 842 149 886 si
164 842 260 887 licenter
275 843 379 900 postulet,
399 847 422 887 ut
439 842 483 887 lroe
500 841 553 887 illud
569 855 647 887 verum
665 842 701 898 sit,
718 852 815 885 neeesse
833 846 868 885 est
880 854 930 885 eam

65 923 103 968 tol
119 922 142 966 in
159 922 215 967 iisne
231 921 341 966 eredendo
356 926 377 965 et
394 922 551 981 desperatione
575 921 613 969 vel
633 922 657 967 ie
674 920 834 979 superstitione
851 924 873 965 et
889 934 930 965 er-

67 1003 160 1048 roribus
176 1003 285 1061 ssrrrutieis
301 1003 438 1048 terrrriner¹i.“
847 1012 849 1016 ⁴

130 1080 158 1126 Et
173 1095 264 1136 nonne,
287 1080 343 1140 proh
362 1081 437 1126 dolor!
460 1081 588 1139 superstitio
608 1084 675 1138 etque
697 1092 762 1125 error
778 1078 889 1124 ferretierrs
906 1079 929 1123 in

66 1159 117 1204 dies
139 1160 197 1218 apud
215 1173 257 1206 nos
273 1161 346 1219 magis
363 1159 500 1219 emergunt?
531 1159 618 1204 Nonne·
627 1145 680 1205 fidei
697 1159 774 1218 inopia
792 1164 827 1203 est
845 1163 867 1204 et
884 1159 928 1204 de-

66 1241 180 1298 speratio,
206 1253 283 1286 nonne
302 1253 380 1286 eornm
398 1240 575 1299 principiorum,
600 1240 679 1299 qrrihus
695 1240 793 1285 ecelesia
809 1243 831 1284 et
849 1240 927 1285 civitas

66 1322 218 1378 eontinentur,
235 1321 365 1379 planissima
383 1320 497 1377 abiectio,
514 1319 538 1365 in
556 1333 622 1380 quam
640 1320 757 1365 doctmnae
776 1321 835 1365 illius
852 1321 929 1365 leuto-

64 1413 104 1445 res
127 1405 244 1459 postremo
269 1401 404 1445 incurrunt?
451 1400 539 1458 Inspice
564 1413 648 1460 qimeso
673 1401 853 1447 Lumenuaemn!
879 1402 928 1460 ipse

63 1481 153 1540 quidem
170 1483 214 1526 iem
232 1481 332 1526 eonl'eoit
348 1481 489 1538 curriculum,
507 1480 567 1540 quod
586 1484 649 1526 secta
666 1481 714 1526 eius
732 1482 798 1525 etiem
816 1482 927 1526 emetien-

64 1562 116 1607 dum
131 1561 206 1608 lioltet.
229 1563 299 1607 Territa
315 1567 436 1607 ostentent
452 1562 487 1607 ris
504 1560 637 1620 praeiudicii
655 1565 678 1606 et
693 1567 818 1619 oeenpatse
836 1564 928 1621 opinio-

63 1644 107 1700 nis,
124 1648 149 1687 nt
164 1656 205 1688 eos
222 1645 289 1687 etiam
307 1642 417 1701 abripiat,
433 1643 470 1701 qui
487 1643 611 1701 perniciem
625 1655 681 1700 prae
699 1642 770 1687 oculis
786 1641 882 1701 hebent,
892 1643 928 1688 ‘nd

66 1735 133 1780 quem
152 1735 250 1781 propero
272 1722 346 1780 gmdn
366 1727 470 1781 pergunt.
505 1721 567 1766 Eeee
583 1734 633 1766 vor
645 1722 668 1765 in
684 1721 869 1779 Ephemeridibus
886 1724 927 1769 sub

63 1803 157 1847 nomine
179 1802 315 1857 „Crirtiottcu
332 1802 410 1857 editis,
434 1801 484 1844 dum
502 1799 612 1844 Hermesii
636 1800 795 1860 dubitationem
812 1805 927 1864 impugnat

63 1887 88 1927 et
103 1882 215 1927 llermesii
239 1887 338 1940 systema
361 1880 513 1925 condemnere
541 1885 650 1939 conetur,
671 1884 803 1941 profitetur,
829 1891 926 1942 systenm

62 1963 212 2018 eontrarium,
231 1960 253 2005 li,
272 1974 291 2006 e.
317 1961 454 2006 Lamemmei
472 1966 569 2020 systema
586 1963 651 2020 pnulo
670 1968 722 2008 nrrto
742 1963 879 2021 defensum,
905 1965 925 2010 si

63 2043 92 2089 eh
108 2043 173 2088 initio
192 2043 215 2087 in
233 2041 331 2086 ecelesia
345 2042 460 2099 ualuisset,
477 2040 607 2086 eil'eeturnm
624 2043 710 2100 tuisse,
729 2048 753 2088 ut
769 2043 867 2088 eeclesia
885 2057 927 2089 ee-

64 2123 148 2168 tholiea
170 2135 198 2167 eo
217 2122 350 2180 deveniret,
377 2127 400 2167 ot
418 2124 466 2166 eius
482 2122 583 2181 theologi
600 2135 642 2167 suo
658 2123 707 2168 iure
721 2110 927 2168 stolidissimi

60 2202 191 2249 omni-em
215 2202 365 2247 hominum
389 2207 466 2248 essent
488 2209 515 2257 1).
557 2184 615 2257 omn
637 2203 705 2263 igitur
733 2203 849 2262 disemus,
876 2218 926 2251 cnm

62 2282 201 2338 viderimus,
225 2282 369 2338 Perronimn,
385 2285 485 2340 qimmris
504 2284 560 2326 istos
576 2284 679 2327 homines
702 2285 751 2327 iure
768 2286 851 2341 optimo
868 2299 926 2328 criti-

62 2376 105 2407 soe
120 2360 251 2419 proditores
268 2361 376 2420 appellet7
395 2361 506 2404 communi
522 2373 572 2405 eum
587 2359 630 2405 illis
646 2360 728 2419 impetu
748 2361 772 2407 in
784 2363 924 2410 llormesium

63 2442 171 2491 irruisset

64 2555 270 2565 »ἕρ-Ν

105 2622 124 2675 1]
140 2621 185 2672 Ipsn
198 2619 260 2656 uerba
276 2619 327 2656 haec
341 2626 400 2656 sunt:
420 2617 474 2665 „Sed
494 2631 534 2668 qno
555 2624 677 2668 perventuro
695 2619 766 2657 suisset
787 2622 884 2666 eeclesia,
906 2622 923 2658 si

140 2690 241 2731 eiusmodi
256 2690 361 2742 persuasio
377 2689 402 2726 ab
416 2689 476 2726 initio
490 2690 511 2725 in
527 2702 549 2726 en
565 2690 674 2727 ualuisset?
702 2690 775 2728 noune
790 2704 813 2729 eo
827 2693 922 2739 renisset,

141 2770 177 2809 nt,
194 2760 365 2814 quemadmodum
380 2760 484 2810 apostolus
499 2758 558 2804 dicit,
580 2760 596 2796 si
611 2761 667 2797 nullo
681 2767 728 2810 post
741 2760 794 2797 lianc
807 2762 847 2798 vita
863 2769 922 2809 esset,

138 2834 250 2872 Christiani
267 2833 356 2871 omnium
370 2830 475 2869 hominurn
489 2831 621 2867 infelicissimi
636 2831 709 2877 forent,
724 2832 764 2868 iarn
779 2831 803 2868 de
819 2831 921 2884 theologis

138 2906 250 2950 catholicis,
265 2917 333 2956 neque
351 2904 432 2948 iniuria,
449 2903 488 2940 dici
497 2904 568 2955 possit,
583 2916 616 2939 eos
626 2916 668 2942 esse
677 2904 821 2944 stolidissimos
830 2907 921 2947 coritium

136 2975 256 3017 tremorem
264 2976 273 3017 l
299 2987 317 3014 n.
335 2974 441 3014 Catholici
455 2973 503 3013 susc.
517 2973 540 3012 X.
556 2986 574 3012 a.
590 2974 646 3014 1831,
