1979 3399
395 57 447 126 ⁵-
483 89 538 160 aro
575 114 610 126 -

75 240 128 277 sors
145 231 256 286 huminis,
278 239 328 273 euin
348 225 394 272 hoo
411 227 509 287 perdidit
523 226 607 284 homo,
632 224 662 271 ad
679 224 747 285 quod·
758 212 836 271 ¹laetus
854 228 903 277 est!
919 232 938 284 ¹)

75 322 112 345 —-·
127 310 170 357 Dei
186 309 268 354 honori
290 308 368 367 nequit
386 308 487 367 aliquid,
507 310 613 367 quantum
632 304 661 350 ad
677 306 738 352 illurn
755 305 869 365 pertinet,
884 307 939 352 addi

75 389 113 435 vel
127 388 203 434 minui.
235 387 298 433 Idem
322 400 420 447 natuque
443 389 493 447 ipse
510 386 553 434 sibi
569 385 645 432 honor
661 390 696 433 est
710 384 902 445 incorruptibilis,
916 391 939 432 et

74 467 221 515 nullomodo
238 468 363 515 mutabilis‘
373 471 404 524 Ἰ).
468 465 470 468 ’

137 567 352 627 Hildebertus
367 565 576 613 Venerabilis:

136 659 205 719 „Cum
220 659 283 707 Plato
300 658 383 705 dixerit
401 659 445 705 tria
468 672 519 705 esse
536 659 659 718 principia,
682 657 818 716 materiam,
835 658 938 716 formam,

74 743 98 786 et
115 734 231 800 opificem,
245 740 302 787 fides
319 739 431 786 catholiea
450 753 517 785 unum
534 739 666 798 prinoipimn
683 739 780 785 omlriirm
799 739 871 784 crodit
886 730 955 785 esse*

75 819 149 877 deum,
165 819 229 866 cuius
243 819 331 866 seilicet
340 820 430 866 bonitas
444 821 542 866 omnium
554 833 629 866 rerum
642 832 711 865 eausa
726 819 774 864 fuit.
807 819 861 865 Cum
878 820 937 866 enim

74 913 161 946 summe
180 899 254 947 bonus
277 905 300 946 et
322 900 424 961 perfecte
440 900 520 947 beatus
537 900 680 946 aeternaliter
692 892 776 957 esset,
793 900 863 946 voluit
880 900 937 946 alios

73 982 195 1046 participes
221 994 274 1028 esse
295 995 351 1029 suae
368 982 513 1029 beatitudinis
522 998 536 1046 ;⁴
553 986 576 1028 et
592 982 644 1042 qnia
661 994 708 1027 uon
722 985 797 1040 potest
813 981 861 1026 eius
877 981 937 1027 hea-

74 1061 146 1107 titudo
162 1062 291 1121 participari
308 1063 351 1108 nisi
368 1076 410 1122 per
425 1063 567 1119 intellectum,
584 1066 606 1107 et
620 1066 702 1120 quanto
714 1061 786 1121 magis
798 1060 937 1121 intelligitur,

74 1146 138 1189 tanto
154 1145 227 1203 magis
244 1144 351 1203 habetur,
368 1145 422 1190 feeit
436 1145 568 1191 rationalem
586 1149 728 1200 ereaturam,
752 1147 776 1187 ut
792 1142 936 1210 intelligeret,

74 1221 222 1283 intelligendo
237 1229 330 1283 amaret,
348 1224 444 1269 amando
459 1224 599 1285 possideret,
613 1223 752 1284 possidendo
770 1223 936 1281 li·ue1·etur“³).

136 1329 378 1377 S.Ber·nardus:

135 1422 199 1481 ,Tria
217 1424 240 1469 in
256 1437 340 1485 magno
356 1424 423 1471 lmius
440 1425 517 1471 mundi
534 1438 603 1484 opere
620 1425 722 1485 cogitare
735 1424 852 1480 debemus,
867 1423 936 1469 vide-

71 1502 126 1548 lieet
143 1502 196 1562 quid
213 1506 256 1562 sit,
273 1505 387 1565 quomodo
405 1507 446 1564 sit,
464 1506 493 1551 ad
509 1505 562 1565 quid
582 1505 722 1551 constitutus.
744 1532 775 1542 -
792 1504 816 1552 Si
831 1517 887 1549 vero
904 1503 935 1549 ad

72 1584 127 1644 quid
142 1584 215 1630 faetus
234 1587 263 1631 sit
281 1587 405 1644 mediteris,
423 1577 522 1633 occurrit
537 1592 582 1632 tam
601 1587 660 1632 utilis
670 1584 808 1645 benignitas,
825 1588 870 1628 tam
886 1584 932 1628 he-

70 1665 142 1724 nigne
165 1665 256 1723 utilitas,
283 1680 341 1725 quae
358 1667 425 1713 etiam
447 1667 613 1726 ingratissimos
635 1678 736 1725 quosque
754 1663 894 1709 nmltitodine
909 1667 933 1708 et

71 1730 227 1807 magnitudine
243 1747 404 1793 beneficiorum
420 1748 492 1809 pessit
510 1748 615 1793 obruere.
647 1747 804 1792 Potentissime
820 1743 931 1802 siquidem

72 1840 103 1872 ex
119 1826 190 1871 nihilo
212 1827 305 1885 omnia,
328 1828 493 1886 sapientissime
515 1819 781 1888 pulcra,benignissime
802 1826 863 1871 utilia
878 1830 930 1871 sunt

73 1911 157 1952 ereata.
177 1932 204 1940 -
222 1907 386 1955 Successerunt
402 1907 444 1953 viri
460 1907 636 1965 prudentiores,
659 1910 696 1967 qui
711 1909 815 1954 nimirum
833 1912 856 1952 et
872 1922 930 1967 quae

71 1988 133 2042 faeta
163 1992 216 2034 suut
245 1992 268 2033 et
292 1986 406 2048 quomodo
437 1988 497 2034 facta
521 1994 572 2034 sunt
596 1989 763 2046 transilientes,
788 1988 933 2035 intenderunt

71 2071 145 2117 aciem
160 2070 242 2116 mentis
262 2074 286 2115 ut
311 2070 340 2116 ad
364 2070 417 2129 quiid
439 2070 499 2116 faeta
519 2075 570 2116 saint
593 2070 703 2117 viderent.
737 2070 784 2117 Neo
801 2070 864 2115 latuit
879 2083 929 2127 eos,

72 2153 178 2211 qnorriam
204 2151 279 2196 omnia
302 2154 394 2211 propter
418 2152 561 2210 semetipsum
577 2150 631 2195 feeit
654 2149 726 2205 deus,
751 2150 826 2195 omnia
841 2155 934 2209 propter

71 2244 133 2279 suos.
154 2231 237 2297 >Aliter
248 2235 323 2276 tamen
333 2237 425 2290 propter
435 2244 469 2289 se,
486 2232 551 2277 aliter
565 2234 657 2291 propter
672 2242 733 2276 suos.
765 2228 791 2275 In
807 2243 835 2275 eo
851 2232 935 2290 quippe

71 2311 133 2371 quod
145 2310 234 2369 dieitur,
251 2311 327 2356 nutrito
335 2315 432 2369 propter
444 2324 477 2369 se,
494 2312 645 2369 praeveniens
665 2311 835 2357 oonnnendatur
851 2309 916 2372 origo
924 2329 932 2369 ;

71 2393 140 2438 ineo
158 2386 232 2436 autem
250 2391 319 2449 qnod
336 2391 423 2448 dieitur,
440 2391 516 2436 ornatio
529 2396 626 2449 propter
641 2404 697 2435 suos
712 2392 785 2450 magis
802 2393 933 2450 exprimitur

71 2471 158 2517 fruetus
175 2482 281 2529 sequeus.
314 2467 396 2513 Oronte
412 2458 467 2526 feeit
480 2474 576 2527 propter
593 2474 663 2514 santet
677 2471 764 2528 apostant,
779 2472 880 2530 grutuita
894 2474 933 2517 oi-

72 2550 152 2595 delicet
167 2548 282 2601 beatitate,
299 2547 375 2592 ouantia
395 2551 491 2605 propter
510 2548 590 2592 electos
606 2561 674 2605 suos,
692 2562 737 2606 pro
754 2565 832 2596 eoram
847 2553 934 2598 seilicet

71 2630 181 2676 utilitate:
197 2633 222 2673 ot
238 2627 278 2672 tlte
296 2626 384 2685 paridem
399 2625 499 2686 efficiens
515 2640 586 2672 carisa
599 2627 635 2684 sit,
652 2627 709 2674 lacteo
724 2628 789 2687 pate
802 2634 832 2688 l).

82 2749 338 2758 Ἦ.-

113 2826 133 2877 1)
149 2827 238 2863 Auselmi
253 2825 357 2864 llleditatio
370 2826 422 2863 XXI.

116 2908 138 2958 2)
151 2907 220 2953 Eiusd.
234 2908 274 2943 Cur
287 2907 341 2944 Deus
357 2908 423 2945 Homo
437 2906 473 2943 lib.
488 2908 501 2944 1.
512 2918 528 2943 c.
542 2906 583 2946 XV.
602 2909 631 2947 Cf.
646 2909 736 2947 eiusdem
743 2910 826 2948 Carmen
836 2890 875 2963 pro·
882 2924 931 2949 con-

152 2983 231 3027 temptu
246 2977 323 3014 mnndi.

111 3061 133 3112 ὃ)
146 3059 275 3098 Venerabilis
295 3059 410 3098 llildeberti
430 3065 527 3098 tractatus
546 3060 673 3113 theologicus
689 3075 732 3114 cap.
747 3061 809 3101 XVII.
829 3076 847 3104 v·
863 3065 938 3116 Opera,

154 3142 201 3165 cura
215 3130 348 3179 Beaugeudrii
363 3144 382 3180 p.
401 3129 459 3169 1054.

72 3241 73 3244 ,
113 3211 134 3263 d)
149 3211 173 3250 Iu
188 3210 239 3249 festo
254 3212 382 3252 Pentecoste
396 3226 461 3252 sermo
477 3213 512 3259 ΠΙ,
526 3212 544 3249 d.
557 3212 576 3251 ἐμ
