1979 3399
435 51 603 102 ,1.4...

182 208 224 254 per
241 195 264 237 in
279 194 373 252 pectore
389 201 430 234 sue
448 191 623 232 conservaturus
640 185 681 240 sit,
704 186 786 244 quique
802 184 861 229 hanc
878 182 948 227 aesti-

184 277 304 320 mationem
323 273 414 316 omnino
430 268 540 328 postulet,
558 267 618 326 quali
642 270 746 324 oporteat
768 278 948 323 unumquemque

180 356 292 400 hominem
310 352 361 409 hui,
378 352 416 409 qui
436 355 521 394 certum
536 351 597 394 vitae
613 347 679 391 linem
696 347 738 391 sibi
756 348 910 405 proposuerit,
926 350 959 389 et

103 490 108 500 .
181 436 211 480 ad
228 449 279 480 eum
296 432 482 491 consequendum
500 432 546 478 suis
561 431 646 477 viribus
663 433 755 474 strenue
772 432 948 488 constanterque

146 505 148 507 ⁵
182 515 310 572 utatu1·“¹).'

87 598 150 643 Alius
164 598 198 640 rir
212 596 293 641 doctus
309 597 346 655 qui
360 596 448 655 placitis
460 594 553 640 Bolzani
566 593 669 638 addictus
681 602 752 649 nuper
768 588 828 634 edito
840 589 949 649 peculiari

86 677 144 722 libro
167 676 276 721 adversus
293 680 392 734 systema
409 674 518 719 Hermesii
534 686 632 732 pugnam
648 673 764 731 ingressus
781 677 823 728 est,
843 676 948 715 testatur:

183 757 337 815 ,Hermesiunr
351 760 375 800 ut
390 755 462 799 virum
477 754 645 813 integerrimum
665 754 748 813 optima
765 753 823 798 laura
836 751 895 811 apud
906 765 949 796 ae-

183 836 261 895 quales
273 847 337 897 suos
349 834 462 893 viguisse“
479 837 508 889 2).

89 918 139 977 lpse
156 917 275 963 Gdrresius
293 917 316 960 in
327 914 452 960 Athanasio
464 925 513 969 suo,
533 914 570 971 qui
587 912 676 973 quidem
692 912 751 957 liber
767 912 795 957 de
812 913 951 957 eausaHer-

89 997 193 1045 mesiana'
206 998 254 1043 lere
271 1002 303 1043 tot
321 996 384 1053 falsa,
400 996 433 1041 tot
449 994 583 1053 mendacia,
597 998 651 1055 quot
666 995 762 1049 versus,v
786 995 902 1051 continet,
919 993 949 1038 ita

90 1079 160 1125 dieii:

184 1159 268 1217 „Neruo
285 1156 405 1215 discipulos
416 1155 526 1200 Hermesii
543 1154 669 1213 prohibeat,
683 1156 802 1214 quominus
818 1154 949 1199 anemurium

183 1238 346 1297 praeceptoris,
356 1237 430 1282 multis
443 1236 570 1282 nominibus
582 1237 706 1293 honestam,
717 1237 754 1295 pie
762 1240 911 1281 νειμ-11111111α
921 1238 949 1291 ²¹).

150 1318 258 1364 Nolumus
275 1317 311 1360 hic
326 1317 505 1374 praetermittere
523 1315 583 1361 aliud
598 1317 758 1374 testimonium,
777 1315 838 1374 quod
852 1329 950 1375 magno-

86 1410 141 1456 pere
159 1397 267 1452 declarat,
287 1399 369 1454 quanta
386 1396 542 1439 aestimatione
553 1396 683 1441 Hermastus
695 1409 766 1456 usque
783 1396 812 1440 ad
826 1399 949 1440 extremum

86 1478 146 1523 ritae
158 1490 212 1522 suae
225 1477 319 1534 spatium
335 1475 452 1537 frueretur.
485 1476 571 1521 Decem
584 1477 648 1521 aruris
660 1480 711 1520 ante
724 1489 790 1534 quam
804 1479 904 1520 mortuus
916 1480 950 1519 est

86 1557 210 1616 reliquerat
223 1556 372 1602 Academiam
381 1554 592 1600 lllonasteriensem.
618 1556 766 1601 Nihilominus
779 1544 836 1601 haec
846 1557 950 1602 solennia

88 1637 192 1682 funebria
212 1636 307 1694 agebat,
328 1639 352 1678 et
375 1647 402 1678 ea
419 1635 509 1694 quidem
529 1638 631 1689 ratione,
654 1649 712 1694 quae
729 1641 752 1679 et
769 1637 812 1693 ipsi
824 1637 949 1683 honorifica

88 1722 151 1774 erat,
174 1721 197 1761 et
214 1714 329 1770 defuncti,
346 1714 384 1772 qui
405 1715 521 1773 pristinum
535 1715 673 1760 Academiae
699 1715 768 1760 decus
787 1718 946 1776 appellabatur,

89 1810 173 1841 nomen
186 1794 289 1839 ornabat.
320 1792 395 1850 Atque
411 1794 469 1838 haec
479 1794 581 1840 solennia
594 1800 638 1839 tum
651 1796 673 1838 in
686 1796 735 1840 aula
749 1797 887 1854 academiae,
903 1804 948 1843 tum

88 1877 113 1937 111
135 1875 234 1920 ecelesia
260 1873 391 1933 agebantur.
425 1873 495 1926 Quum
522 1874 550 1917 ad
573 1876 705 1919 memoriam
727 1876 837 1920 llermesii
854 1878 876 1921 in
898 1878 949 1922 aula

90 1952 251 1997 celebrandam
261 1951 345 1995 Rector
355 1951 494 2010 senatusque
506 1953 601 2011 publicis
612 1953 691 1998 litteris
703 1956 843 2015 invitassent,
859 1958 948 2003 Broch-

89 2044 199 2089 maunus,
221 2031 314 2088 Capituli
332 2029 473 2088 Canonicus,
495 2033 580 2091 insigni
596 2033 699 2078 oratione
714 2037 794 2081 merita
804 2038 948 2096 ⁴virtutesque

89 2113 189 2158 delirnoti
210 2113 331 2157 enarravit.
371 2112 396 2157 ln
414 2115 512 2159 ecelesia
530 2120 603 2159 autem
619 2115 723 2159 Decanus
742 2116 847 2174 Capituli,
865 2117 947 2163 llater-

88 2193 189 2250 hampins
207 2193 297 2237 missam
316 2190 432 2236 solennem
449 2192 542 2248 habuit,
568 2192 722 2237 assistentibus
739 2194 760 2237 ei
777 2193 947 2240 Professoribus

88 2271 257 2316 Kellermanno
269 2274 292 2314 et
312 2269 413 2315 Reinlrio.
452 2271 586 2324 Quaerimus
612 2272 695 2328 igitur,
716 2285 768 2315 num
788 2273 947 2331 ltaterhampio

89 2350 186 2409 Capituli
201 2350 311 2405 Decano,
333 2349 450 2409 eidemque
465 2348 637 2406 Archiepiscopi
654 2349 797 2394 Celerriensis
820 2350 848 2396 de
864 2352 947 2397 Droste

42 2445 46 2448 ’
90 2430 208 2476 educatori
226 2432 249 2471 et
266 2434 372 2485 perpetuo
396 2430 482 2484 amieo,
499 2441 552 2471 num
568 2428 732 2484 llellermanno,
755 2443 820 2488 qnenr
837 2431 948 2476 sedilio-

89 2522 172 2555 manae
192 2507 230 2551 vel
245 2507 344 2565 inprimis
361 2508 474 2552 addictum
496 2519 548 2552 esse
565 2520 631 2551 nemo
647 2508 750 2566 ignorat,
769 2522 821 2554 num
843 2511 947 2568 Reinhio,

91 2603 157 2649 quem
168 2600 239 2645 nuper
251 2587 317 2630 etiam
334 2588 425 2633 annales
441 2587 585 2645 scientiarum
601 2572 757 2646 religiosarum
768 2588 790 2632 in
804 2589 864 2634 Urbe
874 2590 945 2634 Roma

89 2669 145 2714 editi
165 2667 255 2727 magnis
274 2667 376 2712 laudibus
391 2668 525 2723 extulerunt,
540 2679 593 2711 num
611 2667 646 2710 his
664 2668 768 2712 omnihus·
776 2669 831 2713 viris
844 2669 946 2715 solennia

92 2775 308 2790 ,Μ

130 2854 150 2904 1)
163 2852 289 2889 introductio
298 2850 320 2885 iu
327 2849 463 2895 chnmticam
479 2848 687 2886 Christiano-Cathol.
705 2850 762 2887 1839.
777 2863 797 2900 p.
812 2850 859 2887 lllll
870 2857 891 2888 et
902 2852 945 2888 Xll.

132 2923 153 2973 2)
168 2923 255 2958 Erarnen
271 2916 412 2972 philosophiae
429 2918 484 2953 beati
497 2918 602 2964 Hermesii,
616 2924 728 2969 susceptum
742 2933 753 2955 a
767 2921 845 2961 fautore
859 2921 945 2970 placito-

171 3004 213 3026 rum
229 2991 318 3027 Bolzaui.
343 2986 525 3024 Sulztadni1850.
540 2989 593 3030 conf,
607 3000 710 3026 censuram
723 2990 783 3027 huius
795 2989 842 3027 libri
854 2992 875 3030 111
884 2992 946 3028 Diur·

172 3063 203 3094 nir
219 3059 363 3097 taurinensibus.
378 3058 426 3094 fasc.
439 3053 470 3091 34.

130 3129 151 3179 3)
167 3141 210 3177 pag.
230 3129 272 3166 152.
