1979 3399
38 197 117 251 tinuo
141 198 215 251 mille
242 216 322 251 voces
355 196 499 249 anathema
524 195 753 266 proclamantium
779 196 897 249 eircum-

39 301 179 371 strepunt!

115 401 149 452 Ut
171 399 251 451 ruina
273 395 423 468 systematis
441 379 610 448 Hermesiani
636 413 670 448 eo
690 395 789 449 certius
806 394 898 449 effice-

40 509 114 551 retur
121 539 130 568 7
155 497 185 550 id
208 498 286 550 saluti
311 497 449 550 civitatum
474 496 617 548 inimicum
641 513 699 548 esse
723 498 897 549 lactaverunt.

39 597 93 650 Sed
120 595 285 668 propediem
314 597 476 650 hominibus
501 595 692 665 ostendemus,
721 596 817 649 falsum
844 596 900 648 hoc

40 715 97 749 esse
117 715 201 767 quam
220 697 348 767 maxime,
369 698 455 749 immo
476 697 505 749 in
525 696 652 765 civitate,
669 714 720 766 per
737 714 820 769 quam
839 696 900 767 pla-

41 796 405 865 eitaHormesianaraleant7
425 796 573 848 violentam
590 795 716 848 omnium
735 815 827 849 rerum
846 795 901 848 im-

41 896 224 948 mutationem
244 894 367 948 acoidere
385 914 528 966 nunquam
547 914 636 966 posse.

118 995 221 1046 Titulus
241 1014 325 1066 quem
351 995 416 1046 huic
433 994 504 1047 libro
524 996 721 1066 inscripsimus·
733 995 767 1047 ab
789 993 901 1047 eruditis

42 1094 191 1146 lectoribus
215 1105 312 1166 sponte
335 1095 505 1166 intelligetur.
551 1094 582 1146 ld
608 1114 695 1147 unum
717 1094 902 1163 monebimus,

44 1212 104 1246 non
120 1194 222 1265 Virgilii
241 1205 340 1265 poetae
357 1195 515 1247 Laocoonta
525 1235 534 1264 7
559 1193 608 1247 sed
629 1194 735 1265 insigne
754 1192 821 1245 illud
840 1194 903 1245 artis

45 1292 174 1362 plasticae
198 1303 425 1362 monumentum,
452 1292 712 1346 aWineleelmanno
737 1290 903 1361 descriptum

47 1400 74 1441 et
93 1391 257 1461 aLessingio
269 1393 440 1442 aestimatum
461 1401 488 1443 et
507 1392 678 1462 explicatum,
699 1401 761 1443 ante
780 1390 902 1443 animum

47 1490 130 1543 nobis
147 1500 283 1542 versatum
302 1507 367 1541 esse.

139 2352 189 2396 Art
203 2329 395 2397 versionem
410 2348 564 2393 Latinam
579 2348 838 2404 praemonenda.

157 2593 238 2644 Liber
258 2590 306 2662 qui
325 2590 379 2642 iam
403 2588 495 2640 Latine
520 2603 663 2638 conversus
687 2586 756 2654 exit,
782 2586 815 2638 ab
834 2586 912 2638 initio
939 2612 941 2614 >

61 2692 213 2746 Tlreodisce
242 2691 357 2760 scriptus
383 2698 410 2740 et
434 2688 464 2738 in
493 2685 637 2737 Germania
670 2685 760 2736 multis
788 2684 916 2736 laudibus

65 2803 189 2863 exceptus
210 2786 292 2862 atque
313 2785 521 2840 commendatus
538 2795 584 2836 est.
629 2782 682 2838 Sed
699 2802 777 2835 eausa
797 2783 916 2853 quaein

66 2907 99 2940 eo
120 2891 213 2960 agitur)
235 2908 319 2962 quum
340 2889 377 2940 ita
389 2894 545 2955 comparata
563 2883 606 2952 sit,
619 2893 649 2934 ut
658 2902 715 2935 non
724 2884 813 2935 solum
825 2882 916 2932 Theo-

69 2984 206 3038 disoornm
227 2988 375 3040 sedetiam
396 2985 511 3037 aliorum
534 2982 679 3034 hominum
703 2983 800 3034 referat
818 2989 916 3031 statum

69 3094 96 3135 et
106 3083 291 3138 conditionem
309 3084 458 3139 accuratius
472 3099 644 3153 cognoscere7
662 3080 827 3133 desiderium
837 3078 918 3130 huius
974 3083 976 3086 ’

68 3184 131 3236 libri
151 3202 207 3236 non
227 3185 296 3238 intra
309 3185 468 3240 Germaniae
483 3182 552 3237 lines
562 3199 590 3233 se
604 3181 745 3236 continuit.
778 3175 831 3234 Sed
846 3193 919 3249 quo-
