1979 3399
371 80 572 129 -155-

43 215 152 276 geosilms
170 230 198 262 eo
216 218 307 263 nomine
323 217 427 264 laudatus
443 223 618 278 cs,›promptum
629 212 657 262 ‘te
673 229 726 262 esse
742 215 771 260 ad
786 220 903 274 peccatum

44 308 57 339 a
74 300 96 340 te
112 297 255 341 commissum
272 297 440 356 corrigendum.
467 297 530 349 Quae
546 310 596 342 cum
613 298 644 343 ita
661 298 713 359 sint,
730 297 784 357 quid
802 298 847 341 iam
863 296 903 341 l'a-

45 375 100 422 cis?
131 377 186 423 Num
203 379 321 422 veritatem
334 378 389 422 luce
410 377 536 421 meridiana
558 377 676 424 clariorem
702 379 825 438 agitoscis,
849 382 909 421 num'

44 462 160 515 peccatum
177 463 237 502 tuum
253 456 385 502 confiteris?
416 455 500 512 honio,
526 458 549 501 in
571 458 656 504 diurnis
672 459 788 505 historicis
803 463 826 504 ct
841 456 903 503 litte-

44 539 109 583 rariis
134 538 310 583 Leodinensium
335 537 471 582 declaratum
493 544 542 583 est:
569 544 589 584 tc
613 553 659 584 non
682 553 807 586 revocasse
827 552 904 599 neque

44 618 171 677 essequod
189 631 327 673 revocares,
343 623 365 662 et
383 619 416 662 sic
431 632 472 677 pre
490 632 575 676 errore,
593 621 615 664 in
633 634 698 680 quem
716 621 819 668 incidere
835 620 902 666 etiam

43 701 79 744 rir
94 698 179 757 prohus
196 702 278 756 potest,
296 697 453 757 turpitudinem
471 700 568 763 admittis
584 702 607 745 in
618 713 690 760 eaque
704 702 816 747 obstinata
827 706 902 746 mente

43 780 159 839 persistis!
192 778 269 837 ltaque
288 783 311 823 tu
332 781 468 838 ostendisti,
486 785 523 825 aut
540 780 581 826 tihi
598 786 635 827 aut
652 780 766 841 discipulis
783 783 827 827 tuis
844 783 903 827 ami-

45 863 123 920 cisque
142 864 180 905 aut
195 860 296 918 utrisque
313 873 360 905 non
377 859 514 906 credendum
533 874 585 906 esse
594 876 601 917 3
627 865 651 906 tu
665 862 799 918 Biuntlinrn,
814 867 837 906 tu
852 862 902 907 Ro-

45 941 200 996 senheumium
219 939 345 998 compulisti
362 945 385 985 ut
402 941 491 999 publice
511 941 669 998 declararent,
688 956 740 988 sese
756 943 810 1005 ott,
835 943 903 1001 quid-

45 1021 98 1080 quid
114 1022 233 1081 scripseris
250 1020 373 1079 dixerisne,
390 1020 486 1066 eredere
502 1034 549 1066 non
567 1023 648 1081 posset
670 1022 715 1068 Sed
733 1037 773 1068 cur
784 1023 902 1078 reticuisti,

8 1131 12 1136 »
44 1103 105 1162 tprod
124 1103 223 1148 disertim
234 1103 257 1147 in
270 1101 368 1147 sontibus
385 1103 428 1147 tuis
445 1102 538 1147 rolatum
555 1109 596 1159 est,
610 1104 750 1148 Hermesium
769 1102 847 1159 luisse,
864 1104 902 1161 qiri

43 1183 73 1228 oh
90 1184 198 1230 Scherum
215 1197 263 1229 non
280 1184 369 1242 quidem
387 1184 454 1228 animi
471 1184 505 1228 soi
521 1186 671 1241 sententiam,
685 1183 727 1229 sed
741 1198 821 1230 numus
838 1198 907 1229 sarion

44 1265 147 1309 omittere
163 1264 245 1321 vellet,
271 1279 311 1310 cur
332 1265 431 1321 retices,
459 1264 597 1326 Hermesimn
614 1267 687 1324 ipsum
704 1264 871 1311 abdicationem
889 1279 902 1308 a

42 1360 136 1392 munere
151 1331 194 1392 suo
212 1347 341 1392 obtulisse?
357 1346 417 1391 unde
435 1347 592 1406 consetpritur,
618 1359 669 1391 eum
691 1351 774 1391 tantum
792 1346 901 1403 abluisse,

42 1432 66 1472 ut
82 1427 189 1473 Sebermn
206 1432 335 1472 removeret
359 1432 381 1471 et
401 1427 526 1471 rationibus
543 1427 591 1471 eius
609 1431 716 1484 noceret,
738 1431 764 1472 ut
780 1427 899 1472 consilium

43 1513 141 1567 caperet,
157 1507 188 1552 illi
205 1507 233 1551 de
250 1507 302 1552 loco
317 1519 357 1552 suo
375 1506 479 1554 cedendi.
498 1507 543 1552 Sed
559 1507 639 1551 iterum
652 1507 705 1565 [prid
721 1507 770 1564 sirit,
786 1521 826 1552 cur
838 1507 900 1551 ller-

40 1587 225 1644 rnesiusSeherO,
243 1600 270 1632 ac
288 1586 568 1633 nonSchemsHermesio
587 1586 742 1632 concederet?
760 1588 900 1646 eranqeam,

42 1668 91 1713 sire
114 1666 160 1713 hoc
182 1668 236 1713 lecit
256 1669 305 1714 sire
330 1668 466 1713 contrarium
482 1667 627 1724 Hermesius,
653 1667 682 1711 ad
705 1671 767 1712 tumn
789 1667 899 1713 adductus

43 1749 138 1794 tribunal
154 1761 201 1792 non
217 1747 300 1792 evadet
316 1749 441 1793 innocens:
460 1761 527 1807 snpra
545 1762 595 1793 eum
611 1749 743 1808 vituperasti
759 1748 787 1794 oh
805 1754 900 1794 sentcn-

41 1828 95 1873 tiam
110 1832 230 1886 mutatam,
258 1829 303 1873 iam
327 1827 422 1873 eundem
439 1830 568 1888 vituperas,
583 1835 702 1890 propterca
720 1829 780 1889 quod
797 1831 825 1876 de
835 1843 902 1876 ‘scn-

42 1910 118 1954 tentiis
136 1911 181 1955 suis
199 1909 309 1953 desistere
326 1909 412 1955 nollet!

102 1989 202 2035 Alteram
219 2001 323 2046 causato,
342 2003 382 2034 cm·
398 1990 496 2036 Scherus
514 1989 541 2034 ah
559 1988 707 2035 orrircrsitatc
724 1991 841 2036 Bonnensi
855 1989 899 2034 do-

43 2069 144 2127 cedcrct,
162 2082 293 2114 consessum
312 2069 402 2113 attulisti
419 2069 505 2114 ordinis
521 2068 677 2128 theologorum
690 2071 858 2128 catholicorum,
877 2072 898 2114 in

44 2163 91 2208 quo
107 2150 135 2195 de
150 2150 215 2195 huius
232 2148 317 2193 ordinis
335 2148 364 2192 ad
381 2147 501 2192 ecclesiam
517 2148 649 2192 catholicam
666 2151 754 2194 ratione
770 2156 844 2195 actunr
862 2151 898 2194 sit.

44 2231 111 2288 ,Cum
129 2230 227 2276 Scherus
244 2243 294 2274 curn
311 2229 394 2273 ceteris
410 2227 504 2286 collegis
519 2242 565 2273 non
582 2230 752 2287 consensisset,
766 2231 811 2275 hac
826 2244 852 2275 re
869 2231 900 2275 il-

42 2310 87 2354 lum
103 2310 181 2354 nit-irno
197 2310 243 2354 ictu
257 2313 384 2367 proti-usum
401 2321 460 2366 csse,
478 2309 527 2353 sire
539 2309 624 2355 Sehcro
642 2310 716 2355 datmn
733 2324 785 2356 esse
801 2310 900 2355 ultimum

43 2392 110 2436 ictum
126 2393 171 2453 (gli
188 2393 255 2438 diede
271 2393 459 2451 l’ultirnaspinta,
474 2389 520 2451 pub
536 2390 581 2434 ihm
598 2391 641 2436 den
657 2390 842 2450 lesatensem),
860 2396 900 2437 aut

45 2470 232 2530 quemadmodum
249 2470 383 2517 Germanice
400 2471 511 2515 redditum
528 2476 563 2515 est
579 2471 607 2516 ah
625 2471 761 2529 interprete:
778 2472 901 2530 ,Seberum

43 2552 86 2596 hac
107 2565 133 2596 re
155 2551 184 2595 ad
211 2556 298 2609 captum
328 2552 427 2595 ultimum
451 2551 568 2597 consilinm
591 2552 760 2610 exsequendum
783 2553 899 2611 impulsum

42 2631 134 2677 fuissest
164 2631 201 2676 Ad
219 2636 305 2690 captum
322 2633 421 2677 ultirnum
439 2631 556 2677 consilium
573 2632 760 2690 exsequendum?
776 2633 898 2678 lilalerero

42 2725 79 2758 res
97 2725 122 2757 se
139 2712 243 2768 habebit,
269 2712 324 2756 siis
341 2724 462 2756 consessus
482 2711 511 2756 ad
527 2716 615 2770 captum
632 2712 750 2756 consilium
768 2723 899 2769 exsequen-

43 2792 95 2837 dum
106 2792 214 2839 Scherum
230 2790 328 2849 impulit!
354 2791 399 2836 Sed
416 2792 467 2850 quid
480 2805 593 2837 moremur
608 2792 678 2837 rerba
694 2793 830 2849 interpretis,
848 2804 900 2834 cum

42 2872 65 2917 in
83 2873 152 2918 rebus
167 2873 221 2932 ipsis
239 2872 319 2930 quoris
336 2873 443 2930 temporis
466 2878 580 2918 momento
602 2877 636 2917 tot
652 2884 761 2927 errores,
785 2875 818 2915 tot
839 2869 898 2915 salsa

42 2953 152 3010 producat
167 2953 295 3010 Perconius,
311 2957 335 2997 ut
351 2954 426 2998 omnia
444 2955 519 2998 animo
537 2951 654 3011 complecti
671 2950 761 2997 difficile
773 2951 819 2995 sit‘?
840 2951 898 2996 Per-

42 3033 127 3091 ronius,
145 3031 330 3093 quemadmodum
345 3034 412 3092 paulo
428 3039 480 3092 post
494 3034 598 3089 narrarit,
611 3032 687 3078 dicere
704 3031 762 3077 vadt:
777 3037 899 3091 propterea

43 3115 103 3169 otrod
120 3115 218 3160 Seberus
234 3129 283 3160 curn
301 3114 383 3159 ceteris
400 3115 485 3160 ordinis
500 3113 623 3173 theologici
637 3112 740 3171 collegis,
758 3113 795 3173 qui
806 3113 829 3157 in
840 3126 899 3158 cona

44 3204 109 3239 sessu
125 3200 218 3253 essent,
237 3207 283 3241 non
301 3186 637 3255 cerasensisset,necessitatem
653 3194 675 3239 ci
692 3194 819 3253 impositam
837 3207 899 3251 esse,
