1979 3399
399 112 600 163 -ouo-

79 253 153 312 Atque
177 254 268 310 insuper
283 250 347 310 quasi
365 255 440 296 mente
455 251 604 311 praevidisset
620 262 646 296 se
670 249 937 307 aliquandoacousatum

81 334 117 391 iri,
133 339 155 379 et
171 332 199 377 ad
216 331 386 377 convincendos
409 330 497 377 futuros
518 343 573 376 suos
588 329 733 375 adversarios
753 328 812 373 haec
835 329 862 374 ab
888 330 937 388 ipso

81 413 214 471 gravissima
232 412 313 469 rerba,
331 413 411 471 quibus
428 417 498 459 toturn
514 412 709 458 Windisohmanni
724 407 938 471 responsurn'radi-

84 494 140 537 citus
157 494 272 551 evertitur,
288 506 309 551 p.
321 491 351 537 ot
368 494 452 552 scripta
470 494 578 553 legimus:

116 577 333 645 „Quaerendum
344 588 427 631 restat
445 598 511 631 uum
522 577 591 630 forte
611 569 679 629 ratio
700 596 814 649 quoque
833 594 938 650 cogno-

115 668 213 722 scendi
229 672 399 742 principium
418 670 576 743 theologiae
600 670 770 724 christianae
789 669 831 721 sit.
870 671 938 722 Fue-

119 770 183 811 runt
196 762 296 814 nostris
312 761 408 814 diebus
422 762 553 832 theologi,
572 771 654 832 atque
674 761 756 813 etiam
777 780 850 813 1111111
867 763 939 813 eius-

118 850 196 903 modi
222 853 345 924 theologi
374 854 563 923 reperiuntur‚
593 853 641 924 qui
666 852 735 905 adeo
762 853 939 904 immemores

120 953 218 1012 essent7
237 944 337 1015 rpribus
353 945 382 996 iu
401 944 482 996 rebus
502 943 614 996 rationis
633 962 696 996 suae
713 961 778 996 usus
797 961 854 995 esse
872 962 939 1013 pos-

119 1048 175 1105 set,
202 1046 233 1088 ut
256 1055 285 1088 re
310 1054 373 1088 vera
392 1034 574 1106 affirmarent,
601 1041 736 1090 rationem
755 1054 815 1090 esse
834 1054 940 1109 cogno-

117 1127 215 1183 scendi
231 1130 400 1200 principiam
421 1128 579 1202 theologiae
597 1130 780 1194 christianae,
810 1127 858 1180 sed
877 1128 896 1180 ii
917 1129 940 1180 si

120 1219 234 1287 quidem
259 1240 289 1272 ex
309 1220 364 1272 hoc
382 1220 457 1273 fonte
476 1222 617 1274 haurirent
636 1251 670 1257 ——
691 1231 718 1273 et
736 1222 826 1291 plures
844 1239 938 1272 eornm

119 1329 214 1381 reapse
228 1311 351 1363 fecerunt
369 1342 404 1348 —
424 1314 605 1367 christianam
625 1313 792 1386 theologiam
812 1313 841 1364 in
861 1314 939 1367 theo-

117 1402 221 1475 logiam
237 1405 401 1457 rationalem
417 1405 636 1486 immutaverunt.
670 1406 691 1460 11
707 1415 766 1457 turn
783 1424 840 1458 non
855 1426 940 1477 expo-

118 1506 231 1548 suerunt
250 1515 320 1569 quae
340 1497 460 1550 Christus
481 1497 619 1567 docuerit,
639 1496 687 1550 sed
707 1516 778 1568 quae
799 1497 867 1551 forte
888 1497 940 1550 do-

119 1605 183 1639 cere
202 1590 339 1658 potuerit,
366 1601 412 1642 aut
437 1609 470 1643 eo
491 1590 658 1662 arrogantiae
678 1591 811 1661 progressi
831 1600 893 1641 sunt
910 1600 942 1642 ut

124 1679 286 1749 delinirent,
312 1681 381 1752 quid
404 1682 427 1733 is
451 1682 550 1734 nostris
573 1681 669 1734 diebus
692 1681 821 1734 docturus
841 1682 942 1751 inisset,

120 1771 163 1822 rel
174 1772 374 1842 praeciperem,
394 1771 463 1843 quid
480 1773 555 1841 111111,
572 1791 634 1824 cum
655 1773 724 1824 inter
736 1773 863 1826 homiues
881 1793 942 1827 ver-

121 1871 232 1930 saretur7
250 1862 407 1916 docendum
420 1864 453 1916 ab
468 1883 499 1915 eo
513 1864 612 1917 fuisset.
639 1864 670 1916 Et
681 1865 824 1936 quomodo
839 1887 940 1938 quaeso

113 1964 329 2024 exspectemus,
353 1965 383 2007 ut
404 1956 504 2007 rectius
532 1956 684 2028 quidquam
706 1977 720 2009 e
739 1958 786 2010 tali
804 1959 941 2030 principio

122 2045 302 2098 deduxerint?
321 2048 428 2101 Scilicet
441 2049 555 2101 omnino
569 2048 628 2101 fieri
643 2070 700 2102 non
713 2061 812 2121 potest,
831 2063 861 2105 ut
873 2055 942 2105 ratio

121 2138 265 2189 historiam
285 2139 339 2190 siue
365 2159 423 2191 rem
444 2159 514 2211 qnae
535 2141 650 2195 infacto
671 2144 760 2214 posita
778 2155 817 2196 est
836 2164 868 2196 ex
885 2164 943 2197 sese

124 2242 261 2307 procreet,
282 2249 313 2282 eo
330 2241 420 2282 autem
436 2231 548 2293 (adrem
564 2234 674 2287 infacto
688 2236 825 2306 positam),
845 2256 944 2309 quarn-

125 2327 173 2379 diu
199 2324 234 2377 sle
262 2323 407 2375 christiana
433 2325 571 2402 theologia
599 2329 722 2397 quiaestio
748 2340 805 2397 est·7
828 2329 944 2381 redeunt

126 2414 246 2470 omnia-‘⁶

95 2496 171 2555 Habes
188 2505 212 2549 in
235 2505 284 2563 ipsa
307 2503 474 2548 Introductione
496 2502 651 2561 philosophica
666 2504 776 2550 Hermesii
795 2506 823 2551 de
840 2520 882 2553 usu
904 2522 945 2553 ra-

92 2589 161 2636 tionis
176 2587 200 2631 in
216 2584 346 2645 theologiae
368 2583 460 2643 negotio
479 2584 612 2628 sentent-iarn
634 2590 656 2629 et
682 2586 822 2647 doctrinam,
845 2603 858 2635 a
879 2589 944 2634 nohis

95 2675 200 2731 quarrtrun
216 2669 328 2726 potuimus
352 2666 381 2711 ad
403 2666 495 2710 1111111111
514 2668 653 2726 expressam!
680 2669 797 2723 Quomodo
813 2671 881 2730 igitur
896 2671 945 2716 lieri

88 2753 172 2813 potuit,
196 2754 220 2795 ut
242 2749 299 2795 ullus
316 2747 441 2794 mortalium
456 2752 501 2792 tarn
524 2747 573 2794 sine
589 2754 664 2794 mente
681 2755 703 2795 et
720 2751 769 2798 sine
788 2751 858 2797 oeulis
875 2752 944 2808 vivat,

92 2840 116 2880 ut
132 2833 251 2879 Hermesio
267 2833 354 2877 crimini
366 2835 440 2877 uertat
456 2844 506 2875 eum
525 2831 607 2876 docere
623 2833 717 2878 rationis
734 2845 793 2889 esse,
803 2837 827 2877 ut
839 2832 945 2892 dogmata

92 2915 214 2961 christiana
230 2927 260 2958 ex
275 2926 327 2958 sese
340 2911 459 2972 procreet!
483 2910 599 2963 Quomodo
624 2913 672 2958 fieri
688 2918 768 2972 potest7
790 2913 884 2959 utullus
900 2914 945 2958 ho-

93 2997 176 3041 minum
192 2994 251 3040 adeo
270 2994 366 3053 plumbei
383 2993 468 3053 ingenii
485 2997 521 3036 aut
537 2992 628 3050 pudoris
645 3006 726 3052 expers
743 2996 787 3050 sit7
809 2998 833 3039 ut
848 3007 946 3053 respon-

94 3089 142 3121 sum
159 3076 187 3122 de
209 3075 377 3121 Introductione
397 3072 551 3133 philosophica
570 3074 651 3120 reddat
671 3074 776 3133 idemque
797 3073 855 3119 haec
875 3075 945 3120 rerba

93 3170 151 3215 quae
177 3162 252 3202 cetero
275 3154 342 3201 t'otius
360 3156 411 3200 lihri
435 3158 566 3214 argumento
584 3157 678 3215 egregie
696 3156 833 3200 conveniunt
847 3170 893 3201 non
909 3157 945 3200 vi-

94 3237 154 3294 deat,
170 3243 206 3282 aut
224 3239 246 3282 in
263 3238 359 3282 medinm
375 3251 420 3281 non
436 3236 557 3296 producat!
580 3238 697 3291 Quomodo
715 3237 763 3282 lieri
778 3242 859 3297 potest,
876 3243 900 3282 nt
918 3237 944 3281 1111
