1979 3399
408 55 609 104 -too—

80 185 161 239 falsum
179 201 234 240 erat.
267 197 327 241 Solet
341 195 406 253 fortio
420 193 525 250 tueamini,
548 205 566 236 s.
583 189 722 250 Augustinus
739 187 792 232 dicit
805 194 841 245 ¹),
858 195 880 234 et
895 191 940 235 hoc

81 275 149 319 etiam
165 276 187 318 in
204 274 246 318 hac
263 288 330 319 causa
348 274 460 318 communi
480 272 579 331 opinioni
596 270 725 315 accidisset.
758 266 803 313 Sed
820 268 940 312 Perronius

82 366 222 397 communem
239 355 369 413 opinionem
384 353 428 398 hac
449 353 477 398 de
497 365 522 397 rc
540 350 598 395 male
615 347 736 409 cognovit,
752 352 790 391 aut
807 347 855 391 eius
871 360 940 405 prae-

82 437 143 477 textu
158 446 205 477 rem
219 434 301 491 posuit,
318 445 383 492 quam
401 432 489 477 aliunde
502 432 590 477 funnarc
605 441 650 474 non
666 427 744 487 potuit.
777 425 941 486 Sycopfiontem

80 511 168 556 iactitat
184 517 206 556 et
222 527 250 557 ne
263 512 366 570 probare
383 516 492 570 copotur,
516 511 608 556 incidisse
627 523 652 554 sc
669 507 722 553 dicit
735 511 764 563 ²J.
797 506 900 551 Ceterum
918 506 941 551 id

79 591 165 648 ipsum,
180 597 252 636 utrum
271 593 415 651 professores
434 590 639 648 interpretationem
650 586 709 633 illam
729 587 772 645 ipsi
790 586 896 631 afferrent
912 599 941 630 an

80 670 104 713 in
127 670 175 728 ipsa
193 670 279 717 Romae
300 673 356 718 urbe
384 673 534 724 conticerent,
559 670 617 714 adeo
641 670 710 724 leve,
738 665 795 711 adeo
819 665 881 710 futile
899 670 941 723 cst,

80 754 105 793 ut
125 750 246 796 Perronius
268 752 399 811 prudentius
422 753 520 797 facturus
540 751 633 808 fuisset,
657 751 676 794 si
693 747 782 794 silentio
808 747 853 791 hoc
871 759 941 803 prac-

81 830 173 874 terisset
185 833 214 886 ³).

144 909 195 953 Non
212 924 289 956 verum
306 916 348 968 est,
358 911 426 970 vquod
443 911 562 955 Pcrronius
584 909 645 966 dicit,
660 907 805 967 professores
822 905 941 950 Braunium

82 992 105 1032 ct
121 987 275 1035 Efvenichium
290 1003 403 1051 rogasse,
418 996 441 1036 ut
458 990 487 1035 ad
503 1003 521 1036 s.
538 995 624 1049 patrem
641 989 817 1034 admitterentur.
851 984 942 1031 Scilicet

82 1069 131 1112 sine
149 1082 218 1127 opera
235 1085 333 1131 suaper
356 1072 553 1116 eminentissimum
571 1069 707 1116 cardinalem
721 1066 871 1113 Secretarium
888 1065 941 1110 Sta-

84 1151 120 1192 tus
135 1148 347 1195 Lambruscfiinium
370 1150 533 1209 benignissime
552 1149 645 1194 admissi
661 1151 712 1193 sunt
729 1145 833 1203 factaque
850 1148 884 1188 est
909 1143 942 1185 eis

83 1226 112 1271 de
128 1241 153 1272 re
172 1234 320 1275 controversa
338 1229 473 1288 amplissima
490 1230 580 1274 dicendi
591 1233 698 1287 potestas.
730 1225 804 1271 Verba
822 1237 840 1269 s.
857 1224 941 1282 patris:

81 1306 218 1365 ,Existimo,
235 1322 277 1353 vos
292 1309 386 1353 Romam
404 1310 507 1364 venisse,
524 1322 570 1353 non
590 1313 614 1352 ut
630 1321 648 1352 s.
665 1306 743 1352 sedem
761 1305 876 1360 doceatis,
901 1302 942 1347 scd

81 1389 106 1429 ut
121 1385 148 1430 ab
165 1399 193 1432 ea
213 1387 353 1433 doceamini“
376 1402 405 1432 cx
426 1401 481 1432 vcro
502 1401 544 1432 suo
562 1400 622 1432 nexu
638 1386 728 1432 revulsa
745 1389 767 1428 ei
784 1385 814 1428 ita
831 1383 942 1427 collocata

82 1469 142 1522 sunt,
159 1470 183 1509 ut
200 1467 314 1512 sententia
332 1467 386 1525 ipsis
401 1466 502 1511 subiecta
518 1471 672 1524 corrumpatur
684 1468 714 1522 t).

143 1545 239 1602 Sermo,
262 1546 291 1590 de
315 1559 359 1604 quo
376 1546 497 1590 Perronius
513 1558 534 1603 p.
550 1545 581 1590 36
597 1545 707 1604 loquitur,
724 1543 852 1599 neutiquam
871 1554 942 1586 accu-

81 1627 129 1667 rate
147 1624 230 1669 relatus
247 1630 287 1670 est.
320 1626 362 1670 Pro
378 1630 440 1669 certo
454 1625 567 1669 affirmare
579 1638 706 1683 possumus,
724 1623 854 1671 Pannonium
873 1623 896 1665 in
913 1636 941 1666 eo

82 1713 188 1745 sannone
203 1701 273 1761 longe
291 1703 356 1747 aliter
374 1716 426 1747 sese
447 1704 557 1761 gessisse,
574 1717 640 1760 quam
657 1716 716 1747 nuuc
735 1701 807 1745 videri
823 1700 875 1756 vult,
893 1700 942 1743 aliis

82 1779 158 1823 verbis
173 1780 309 1839 multumque
325 1782 420 1826 diversis
437 1795 501 1826 usum
517 1795 576 1839 esse,
594 1795 659 1841 cpiam
671 1794 730 1826 nunc
747 1793 800 1824 usus
818 1793 870 1823 esse
888 1779 941 1838 glo-

82 1859 160 1904 riatur.
197 1859 259 1905 idem
281 1874 327 1906 non
351 1861 424 1905 minus
447 1866 509 1906 certe
533 1861 609 1906 dicere
631 1873 750 1920 possumus
776 1860 804 1904 de
825 1872 940 1916 sermone,

83 1951 149 1996 quem
166 1952 216 1983 cum
231 1939 421 1987 soloEiuenichio
439 1941 482 1985 sibi
497 1941 567 1986 fuisse
584 1945 666 1986 narrat.
701 1939 767 1994 Quod
782 1951 839 1984 unus
856 1938 942 1983 alterve

82 2017 200 2075 professor
216 2019 354 2064 Theodiscus
370 2032 420 2064 cum
436 2019 544 2064 ferronio
561 2020 646 2064 Romae
662 2020 751 2064 locutus
767 2022 809 2075 est,
825 2016 848 2061 id
859 2016 941 2075 logen-

81 2097 140 2141 tibus
156 2097 216 2142 haud
233 2098 300 2142 dubie
316 2103 353 2143 aut
367 2112 444 2156 parum
460 2104 497 2143 aut
513 2099 593 2144 nullius
609 2098 716 2143 momenti
731 2096 827 2153 videtur,
844 2095 941 2153 ideoque

83 2176 166 2220 omissa
182 2180 229 2221 tota
243 2176 309 2221 huius
326 2177 360 2221 rei
376 2177 506 2221 narratione
523 2177 546 2221 id
561 2191 628 2222 unum
645 2189 779 2222 asseverare
797 2175 851 2220 satis
867 2174 942 2218 habe-

82 2268 138 2311 mus,
153 2254 307 2300 Eluenichium
325 2268 371 2300 non
388 2257 461 2300 omnia
480 2269 507 2300 ea
524 2257 616 2313 dixisse,
633 2269 691 2314 quae
701 2256 810 2300 Perronio
827 2254 941 2298 referente

82 2333 169 2377 locutus
187 2333 274 2390 fertur,
301 2339 323 2379 ei
338 2334 383 2378 hoc
398 2334 458 2379 nulla
481 2334 524 2379 alia
541 2348 610 2380 causa
627 2335 697 2379 fretus
716 2334 781 2389 dioc,
799 2346 865 2389 quam
881 2331 942 2390 quod

84 2425 111 2455 ea
129 2412 206 2457 dicere
223 2426 270 2457 non
284 2413 365 2469 potuit.
398 2413 443 2458 Sed
459 2426 534 2467 nonne
555 2414 612 2457 haec
628 2414 696 2456 nimia
713 2411 848 2455 confidentia
864 2416 905 2468 est,
922 2412 942 2455 si

85 2490 148 2535 dicas
173 2495 195 2535 te
218 2492 292 2547 scire,
313 2503 370 2548 quae
389 2490 532 2534 Eivenichius
556 2492 633 2536 dicere
651 2491 734 2549 possit,
750 2503 808 2548 quae
824 2503 869 2535 non
885 2503 943 2548 pos-

85 2570 133 2615 sit?
146 2569 197 2615 Non
213 2573 255 2614 est.
287 2568 448 2624 ElvenichiuS,
465 2574 490 2613 ut
504 2571 673 2630 uuusquisque,
690 2572 727 2616 cui
743 2571 847 2630 cognitus
863 2572 882 2616 is
898 2576 941 2626 est,

82 2648 207 2706 testabitur,
226 2663 256 2693 ex
271 2662 299 2694 eo
315 2661 401 2707 genere
419 2647 533 2692 hominum
550 2654 598 2707 est,
623 2650 651 2695 de
675 2651 754 2711 quibus
777 2655 829 2695 ante
854 2649 941 2694 definiri

82 2728 169 2790 possit,
185 2728 238 2786 quid
254 2729 322 2774 certis
339 2728 361 2773 in
378 2726 446 2771 rebus
464 2726 544 2772 dicturi
561 2729 685 2791 factumque
701 2731 763 2788 sint,
787 2730 808 2775 fi.
827 2742 847 2774 e.
867 2742 896 2776 cx
912 2742 940 2773 eo
