1979 3399
342 114 378 125 -
419 86 567 140 tit-—

14 225 161 284 Perroniano,
173 228 193 273 si
206 227 294 288 quidem
305 228 333 274 de
343 217 574 279 Hermesio‘scribere
585 228 684 287 sciebat,
700 228 814 289 cognitum
826 241 878 276 esse

15 306 106 365 debuit,
124 306 244 366 idemque,
258 309 281 354 ‘si
302 308 347 355 hoc
364 310 387 354 ei
402 310 517 369 cognitum
534 315 608 369 esset,
634 311 712 357 dicere
728 310 772 355 hcc
792 308 875 355 debuit.

14 389 98 435 Contra
125 388 168 434 iste
187 389 289 434 Perconii
310 390 374 434 stitus
390 389 473 448 ubique
490 388 519 434 de
535 388 571 434 iris
594 389 802 438 Introductionibus
825 394 878 434 tan-

14 482 80 528 quam
97 468 125 514 de
142 482 212 528 opere
228 469 332 514 absoluto
353 458 467 527 loquitufl,
482 482 592 528 nusquam
607 483 637 514 ne
653 473 766 516 minimum
784 470 876 529 quidem

12 549 155 609 significavit,
164 547 285 613 iiludopus
296 548 445 607 fragmentum
455 538 575 595 mansisse.
607 550 635 595 Et
649 556 725 596 tamen
740 552 783 596 lroc
800 552 873 610 ipsum

13 628 103 674 niaximi
126 628 234 672 momenti
256 633 297 672 est.
329 628 410 674 Notum
434 629 493 672 enirn
512 633 562 686 est,
584 631 607 674 in
631 630 739 675 damnatis
762 632 874 677 Hermesii

15 709 103 770 placitis
120 720 187 765 esse,
211 721 270 766 quae
294 722 402 767 nusquam
425 709 448 753 in
464 709 528 754 tibris
544 708 617 754 adhuc
635 710 700 754 editis
717 717 872 768 compareant,

15 802 74 850 quae
91 792 165 833 autem
180 800 221 846 pro
246 789 296 834 cius
320 793 441 847 systemate
464 793 486 832 et
508 787 600 833 schedis
616 788 753 834 academicis
770 791 792 833 in
808 795 873 848 parte

12 870 69 930 typis
85 882 132 915 non
149 882 263 928 expressa*
280 869 397 915 tractanda
416 871 520 916 tuissent.
551 869 647 915 Nonnisi
661 869 703 914 has
720 869 873 916 Introductio-

12 961 53 994 nes
73 948 122 993 sire
144 947 202 994 hanc
220 948 411 994 Introductionem
426 954 557 1013 [atrumque
575 962 658 996 nomen
673 962 715 1007 per
730 950 793 995 uices
810 951 873 996 stilus

11 1028 162 1073 Perronianus
178 1039 264 1085 ponere
283 1028 352 1083 solet]
369 1027 493 1073 Petronios
509 1028 553 1073 sibi
570 1030 718 1086 comparavit,
733 1031 825 1073 atottnisi
842 1045 873 1074 ec

12 1107 55 1152 Itac
71 1103 378 1151 Itttroducttone'Petronius
392 1106 493 1164 privatis
510 1107 591 1152 surdus
607 1108 656 1152 sats
672 1113 781 1165 eccetan
797 1110 873 1166 nrnplu

12 1189 33 1231 et
47 1185 116 1230 cortu
132 1185 213 1245 confiat
233 1185 315 1244 tussit,
336 1187 428 1232 nonnisi
444 1186 488 1231 trae
504 1186 698 1243 Introductiones,
717 1193 775 1232 teste
791 1187 873 1233 eodem

12 1266 78 1324 stite,
99 1266 186 1313 Romae
212 1267 253 1313 sub
274 1271 369 1313 exarncn
386 1271 484 1313 vocatae
504 1272 566 1323 sunt;
583 1296 613 1303 -
628 1267 800 1325 chntattccnn,
815 1281 873 1325 quae

12 1347 82 1392 trihus
100 1347 167 1392 tomis
182 1347 282 1405 prodiit,
300 1347 449 1391 examinatam
466 1359 525 1403 csse,
541 1360 570 1391 ne
587 1345 658 1391 rer‘bo
674 1345 764 1405 quidem
781 1359 871 1390 merno-

11 1432 79 1473 ratur.
117 1428 231 1486 Nusquam
254 1427 406 1486 significatur,
431 1426 541 1472 eiusmodi
559 1438 618 1484 *opus
639 1425 749 1470 Hermesii
771 1431 869 1471 exstare.

11 1507 130 1553 Petronius
147 1506 219 1553 Vitam
235 1507 346 1552 Herrncsii
363 1507 454 1563 scribit,
474 1507 574 1552 lectores
598 1507 629 1551 ita
652 1507 801 1551 instructurus
828 1511 870 1563 est,

11 1592 34 1631 ut
50 1599 113 1632 suam
130 1588 259 1646 systematis
279 1587 422 1632 Hernrcsiani
440 1586 510 1631 crisin
525 1586 569 1645 ipsi
584 1587 719 1643 aestiment,
736 1590 759 1630 et
777 1585 806 1631 de
823 1586 868 1630 hoc

12 1679 79 1727 opere
100 1667 156 1713 nihil
176 1667 220 1714 iltis
233 1666 324 1724 refert,
344 1658 407 1726 qnod
422 1667 482 1712 scire
497 1679 539 1712 eos
555 1666 646 1710 omnino
663 1678 760 1711 necesse
778 1671 829 1722 est,
845 1671 870 1711 ut

12 1748 40 1792 ad
55 1746 184 1794 huiusmodi
200 1748 380 1794 aestimationem
398 1746 511 1793 accedere
530 1748 623 1806 possint.
655 1746 732 1804 Itaque
747 1747 869 1791 Petronius

12 1827 85 1873 denuo
101 1827 200 1873 ostendit
225 1831 247 1872 et
272 1820 444 1887 comprobavit,
458 1825 524 1886 quod
538 1826 627 1885 ptrblice
643 1826 809 1885 pronuntiatum
823 1831 867 1883 est,

11 1919 57 1953 non
72 1913 143 1954 totam
158 1908 328 1968 Dogmaticam,
351 1921 417 1967 quum
439 1920 535 1952 exanren
553 1906 581 1951 de
599 1905 717 1950 Hermesio
736 1907 868 1951 instituere-

13 1988 53 2043 tur,
70 1988 140 2034 fuisse
156 1988 298 2034 inmanibus
316 1987 469 2045 Inquisitionis
487 1987 616 2043 Romanae,
634 1988 735 2044 quamvis
752 1986 810 2031 haec
826 1987 870 2030 de-

12 2070 73 2111 creto
85 2067 269 2128 congregationis
281 2066 364 2111 Indicis
381 2065 404 2110 in
420 2066 596 2123 satpptcmentnm
602 2070 684 2122 posteo
699 2065 785 2109 adiecto
802 2066 868 2110 etiam

14 2146 135 2192 secundam
159 2152 182 2191 et
203 2147 292 2190 tertiam
312 2146 461 2203 Dogmaticae
486 2150 573 2203 partem
595 2144 744 2189 damnandam
772 2146 866 2201 curavit,

13 2224 51 2268 scd
66 2226 140 2283 potins
160 2225 290 2283 contigisse,
309 2229 332 2268 ut
348 2224 463 2283 Inquisitio
480 2224 589 2282 Romana,
605 2214 793 2282 quemadmodum
808 2225 866 2269 Per-

13 2306 104 2361 ronius,
125 2304 180 2349 duas
206 2303 386 2348 Introductiones
410 2308 432 2348 et
447 2304 540 2361 primam
556 2303 705 2361 Dogmaticae
721 2309 807 2362 partem
824 2317 865 2362 pro

13 2386 57 2429 toto
73 2389 196 2443 systemate
211 2383 323 2430 Hermesii
341 2388 365 2428 et
381 2386 428 2428 tota
442 2382 558 2443 theologia
576 2384 686 2430 catholica
703 2384 730 2429 ah
749 2384 867 2430 Hermesio

13 2470 140 2511 constructa
164 2468 187 2510 ct
211 2464 320 2511 adornata
340 2463 441 2527 traheret.
474 2463 552 2510 Consu
571 2476 616 2510 noa
638 2463 698 2509 bona
712 2465 771 2510 nando
781 2470 866 2522 potro-

14 2541 69 2590 ctnto
85 2546 112 2604 fit
123 2544 197 2605 peior.

16 2789 147 2848 Perrantas
157 2799 257 2860 scatere,
273 2799 336 2846 unde
348 2798 430 2846 adduc
438 2797 529 2855 transit,
544 2798 669 2860 relinquit.
684 2822 718 2831 --
730 2796 795 2844 ntovt
805 2794 864 2856 fon-

72 2882 111 2927 tes
127 2880 236 2928 etusdem
250 2882 339 2926 iterum
355 2878 455 2926 occulti.
474 2904 504 2911 -
521 2877 598 2925 Fama
612 2874 744 2923 Hermesta

71 3021 172 3082 Fontem,
189 3024 249 3070 unde
266 3023 340 3069 adhuc
351 3022 425 3069 hausit
440 3036 454 3068 a
470 3036 496 3069 se
513 3022 602 3077 tradita,
619 3018 701 3078 pagina
715 3017 743 3062 18
758 3020 864 3087 relinquit

14 3091 137 3163 Petronius,
152 3109 241 3166 iamque
257 3106 303 3165 alii,
318 3118 424 3164 magnam
439 3109 524 3165 partem
541 3101 621 3148 occulti
637 3096 702 3143 rivuli
718 3104 783 3161 sunt,
802 3106 863 3151 unde

15 3171 60 3224 tere
82 3183 154 3233 omnis
176 3186 278 3235 Perronii
297 3187 397 3233 manavit
419 3187 500 3234 oratio.
536 3184 608 3232 Etiam
627 3190 695 3239 super
716 3178 760 3227 hos
777 3185 863 3232 rivulos
