1979 3399
405 109 439 119 -·
482 86 611 137 ato-

79 224 139 271 aliud
155 228 190 272 est
208 229 382 286 argumentum,
406 229 429 271 et
453 225 545 285 quidem·
564 226 691 273 censurium
708 225 866 285 puniendiius
882 222 941 284 apud
983 211 988 219 λ

81 307 205 365 Rouranos,
221 319 304 352 nomen
320 319 395 352 meum
410 321 458 352 non
473 308 555 368 posuit,
569 312 591 352 et
607 309 655 367 ipse
671 305 731 351 illum
744 305 803 351 hand
815 306 940 361 nominavi,

81 401 127 434 non
145 388 204 433 enirn
218 386 277 432 ultra
298 387 408 447 progredi
423 388 485 434 volui
502 400 567 446 quarn
579 387 604 431 -is
621 387 714 431 fecerat.
747 385 791 432 Sed
809 399 858 430 cum
875 387 942 431 voci*

82 470 124 515 bus
146 468 203 514 meis
223 468 363 514 verbotenus
389 469 490 530 allegatis
506 471 536 515 ita
555 482 591 514 me
610 468 771 528 designaverit,
788 470 812 511 ut
828 472 874 511 tota
889 468 942 511 uni-

78 549 176 595 versitas
193 547 329 609 intelligere·
345 552 433 610 possit,
458 564 539 610 meque
554 555 660 609 tanquam
675 562 750 594 rerum
766 561 875 593 novarum
890 561 943 592 mo-

79 630 167 679 litorem
187 629 353 678 disbraocatum
362 680 364 682 ,
373 633 536 693 (sansculotte)
550 646 627 677 eoram
644 631 747 677 omnibus
761 629 944 690 proclamaverit,

79 710 239 766 necessarium,
249 709 303 756 mibi
318 711 392 757 visum
410 716 450 769 est,
468 712 547 757 saltem
565 709 593 756 id,
605 711 689 767 dicere,
705 709 765 755 unde
776 710 871 769 intelligi
886 722 943 768 pos-

80 795 116 851 sit,
132 807 176 853 qua
194 806 263 839 causa
281 798 303 838 et
322 806 366 852 quo
384 794 432 839 iure
447 794 491 842 iste
507 792 618 838 eiusmodi
636 792 803 837 criminationes
819 789 873 835 odio
893 789 944 848 ple-

80 887 123 919 nas
137 874 246 933 proferat.
278 873 384 926 Fortasse
405 873 514 933 rogabis,
541 871 593 931 quid
611 871 678 916 ,illurn
702 870 731 916 ad
754 870 798 916 boc
814 870 944 927 impulerit?

81 953 168 998 Nullam
194 966 239 1013 ego
266 953 287 998 ei
304 965 395 1011 causam
413 953 529 1012 suggessi.v
558 951 609 997 Alia
626 955 693 1010 atqrre
710 963 754 1010 ego
773 952 868 1007 sentire,
884 949 945 995 idei

84 1048 140 1080 sane
155 1035 230 1092 licuit,
248 1034 289 1080 sed
306 1047 363 1093 quae
379 1034 426 1093 ipse
443 1035 536 1079 sentiret
553 1038 596 1079 tam
612 1033 692 1079 odiose
709 1033 827 1092 prolerre,
853 1032 880 1076 ab
897 1031 942 1077 hoc

86 1115 231 1161 necessitudo
250 1114 388 1175 collegarum
405 1115 521 1160 deterrere
538 1128 588 1160 enm
604 1114 739 1160 debuisset..“
774 1131 777 1136 ’

150 1195 205 1241 Cum
221 1194 314 1240 Iurldus
333 1194 428 1254 posthac
445 1196 474 1240 ad
491 1197 575 1241 scrinia
592 1197 641 1241 sive
658 1196 771 1241 caracellos
787 1194 884 1239 civitatis
895 1191 946 1236 Au-

85 1275 183 1319 striacae
209 1275 308 1320 adscitus
327 1280 408 1332 esset,
429 1277 568 1335 conspiratio
585 1276 745 1321 llermesianos
763 1273 946 1334 persequentium

85 1368 168 1400 novum
187 1355 306 1414 elingens
327 1355 430 1410 columen
452 1361 518 1401 nae-ta
534 1362 576 1402 est.
608 1355 700 1401 turbius
716 1357 803 1400 interea
820 1353 887 1399 fidem
904 1367 947 1398 ca-

86 1434 191 1479 tholicam
214 1433 378 1493 adoptaverat,
404 1435 446 1479 sed
467 1436 565 1494 priorem
582 1448 646 1481 suum
663 1440 743 1480 statum
765 1436 908 1481 Bornrensem
925 1436 947 1478 et

86 1521 152 1560 vetus
177 1514 253 1560 odium
277 1514 381 1560 oblivisci
406 1517 519 1574 neophyta
540 1530 586 1562 non
608 1517 685 1575 potuit.
724 1516 751 1561 Ei
776 1530 832 1562 sane
850 1514 945 1572 contigit

86 1600 164 1640 ternus
182 1607 282 1639 summae
298 1595 333 1639 rei
347 1596 499 1654 praepositos,
516 1594 668 1650 Atuatucos,
687 1596 817 1653 Roruuaus,
835 1594 949 1640 Beruset-

90 1688 137 1731 eos,
151 1674 258 1732 decipere
280 1679 302 1718 et
320 1675 344 1719 in
361 1687 462 1719 errorem
478 1675 596 1732 inducere,
614 1689 664 1720 cum
679 1675 714 1720 his
731 1676 835 1720 onnribus
851 1675 949 1718 llernre-

88 1754 218 1799 sianismum
238 1758 342 1811 tanquam
366 1754 468 1812 positivis
484 1754 653 1813 quibuscunque
670 1755 788 1803 adversum
810 1760 836 1799 et
855 1759 949 1799 centra-

88 1834 145 1878 rium
165 1832 311 1892 designaret,
336 1846 468 1891 quarnqnam
485 1831 529 1877 boc
546 1833 617 1890 ipsum
634 1833 817 1878 llerinesianismi
834 1835 949 1893 proprium

90 1919 125 1958 est
142 1917 164 1957 et
179 1912 234 1969 luit,
257 1913 354 1971 positiva
371 1913 484 1958 eeclesiae
503 1919 525 1958 et
545 1915 640 1959 civitatis
656 1914 713 1959 tucri
730 1919 752 1957 et
770 1926 907 1958 conservare
926 1917 949 1957 et

91 1995 202 2040 adversus
218 2006 362 2053 quascunque
379 1994 495 2052 electrinas
512 1996 661 2041 dissolventes
675 1996 812 2040 Lamennaei
830 1999 950 2039 caeteros-

93 2089 137 2136 que
157 2089 233 2122 rerum
257 2075 395 2134 publicarum
412 2089 532 2121 eversores
550 2076 673 2121 defendere
686 2081 713 2131 Ι).
746 2077 825 2120 Mirum
842 2075 910 2130 foret,
929 2074 949 2118 si

90 2156 193 2213 facinus,
211 2155 276 2215 quale
295 2155 389 2199 esthon
406 2154 548 2212 larlrianum,
566 2156 628 2201 cuius
645 2155 820 2215 consequentiae
838 2154 950 2199 ecclesiae

91 2236 217 2281 catholicae
240 2249 281 2293 per
298 2235 440 2279 Germaniam
457 2236 599 2293 perniciosae
622 2248 668 2279 non
694 2235 731 2280 diu
754 2234 950 2292 exspectabuntur,

90 2315 198 2359 uoniam
221 2313 244 2358 in
261 2313 304 2358 hac
321 2314 367 2357 vita
383 2327 396 2357 a
413 2327 499 2359 summo
516 2315 661 2360 moderatore
677 2313 773 2359 latorum
790 2313 867 2359 mnndi
881 2313 950 2361 ‚dete-

94 2399 186 2454 geretur
201 2398 224 2437 et
239 2393 394 2450 castigaretur.

155 2471 204 2515 Hac
217 2483 292 2515 rerum
307 2470 438 2514 conditione
449 2475 471 2513 et
481 2483 541 2513 nexu
562 2471 651 2526 accidit,
668 2475 693 2515 nt
707 2471 837 2516 Hermesius
847 2477 868 2515 et
879 2471 951 2517 disci-

94 2549 139 2608 puli
155 2549 204 2594 eius
226 2540 317 2594 omnine
342 2549 365 2592 in
382 2560 460 2592 manus
478 2548 619 2593 inimicorum
637 2549 786 2595 traderentur.
817 2552 951 2609 Responsu-

94 2642 156 2687 rum,
179 2641 237 2688 quae
261 2629 347 2674 Romae
367 2626 548 2686 postulabantur,
574 2629 686 2675 conlectio
704 2631 728 2675 in
745 2644 824 2676 manus
839 2631 951 2676 Hermesii

95 2709 251 2769 inimicorum,
279 2709 318 2767 qui
335 2709 369 2752 sni
396 2708 486 2751 omnino
504 2714 567 2752 erant
583 2710 731 2767 impotentes,
754 2711 777 2754 in
793 2711 867 2769 iisqne
884 2711 952 2756 Win-

94 2789 269 2846 dischmannus,
294 2786 457 2832 deducebatur.
488 2785 523 2831 En
535 2786 776 2834 ll'indisclrmanniane
794 2790 886 2834 nonnisi
902 2789 952 2834 fra-

95 2876 186 2930 gmenta
212 2867 318 2913 nonrmlla
343 2867 448 2926 evulgata
471 2871 539 2921 sunt,
563 2874 628 2927 atque
646 2868 702 2913 haec
722 2882 768 2913 non
789 2870 838 2913 sine
856 2869 952 2914 horrore

94 2950 198 2996 homines
214 2949 349 2994 lectitarunt.
390 2948 487 3006 Sperare
509 2946 576 3005 licet,
592 2953 661 2993 totum
679 2949 798 3008 aliquamlo
817 2948 900 2994 editum
916 2950 951 3005 iri,

99 3066 324 3078 ,Λα-...σ--ι-μ

137 3132 156 3183 1)
171 3132 232 3169 Enixa
249 3143 353 3180 rogamus,
375 3134 398 3165 nt
422 3127 447 3165 de
469 3126 505 3162 hac
527 3136 547 3160 re
564 3126 649 3162 lectores
664 3126 766 3163 Personas
781 3131 799 3160 et
814 3132 880 3162 status
895 3135 912 3173 p.
927 3120 952 3161 a}

176 3201 286 3237 conferant.
