1979 3399
425 96 556 146 -aao
610 120 647 157 -,

104 233 182 282 theses
199 247 252 281 suas
271 247 317 280 non
334 234 407 281 fornia
423 234 545 295 nepetino,
568 234 610 281 sed
622 234 731 293 ,positivo
755 232 861 280 exhibuit
877 271 879 286 ,
895 236 960 290 Quod

103 315 122 359 is
137 326 189 359 suas
205 313 282 358 theses
297 313 334 359 vel
353 321 416 360 sumn
434 315 486 361 fidei
499 314 665 374 professionem
676 314 826 373 concinnavit,
842 315 865 361 id
881 322 960 364 osten-

104 397 149 453 dit,
166 395 225 441 illum
244 395 287 446 hae
305 397 328 441 in
345 411 370 442 re
385 411 437 443 sese
455 411 525 457 papae
543 396 706 455 adaequavisse
716 411 733 453 ;·
745 397 786 442 sed
808 397 868 457 quod
884 397 959 446 theses

103 476 175 521 106116
190 475 292 533 position
309 477 469 536 concinnavit,
486 478 509 524 id
525 482 657 538 argumento
682 484 727 536 est,
743 479 814 524 illum
838 478 880 523 hac
896 479 919 523 in
935 494 959 526 re

102 570 171 616 super
186 558 258 617 ipsum
276 572 354 618 papam
371 564 424 604 sese
441 559 567 617 entrdisse,
577 565 644 620 atque
660 560 705 606 1106
722 566 763 618 661,
779 561 839 621 quod
855 562 899 606 iam
917 560 959 606 de-

101 644 265 685 monstraturus
282 654 337 686 sum.
630 682 632 685 .
859 698 861 705 X
881 654 883 656 ·

143 752 145 755 -
168 722 232 767 Fidei
243 721 350 767 1011116166
363 722 477 780 posumus
494 722 582 769 nonnisi
595 723 622 768 ab
639 724 771 769 auctoritate
783 722 892 769 infallibili
904 737 961 782 pro-

105 802 177 849 ficisci
192 803 260 860 licet;
285 817 299 848 a
315 803 401 862 fallibili
417 803 461 849 hac
476 804 547 849 torma
564 817 603 849 eas
619 817 716 863 unquam
733 806 846 864 proticisci
862 818 908 850 non
931 804 962 849 li-

106 890 150 931 cet.
182 885 229 931 Sed
245 899 295 931 cum
311 887 433 945 episcopus
446 886 566 946 singularis
583 885 706 945 auctoritas
726 887 755 931 sit
772 900 829 945 quae
845 886 890 931 falli
906 899 962 944 pos-

107 968 143 1025 sit,
162 982 212 1013 cunr
229 967 289 1012 multi
306 968 408 1026 episcopi
425 967 515 1025 fuerint,
533 968 569 1027 qui
587 968 610 1012 in
626 968 733 1016 haeresin
747 972 770 1012 et
788 967 886 1013 schisma
901 969 962 1012 inci-

106 1048 476 1108 116166166161160616116611166
493 1055 604 1093 sectarunt
623 1054 732 1107 agerent,
751 1048 817 1107 plane
840 1062 886 1093 non
903 1048 962 1105 licet,

108 1130 219 1176 61101616
236 1128 337 1187 position
356 1142 453 1188 unquam
480 1128 532 1173 fidei
553 1133 674 1188 praecepta
697 1128 824 1178 exhibeant.
856 1129 918 1174 Haec
935 1142 962 1173 ea

107 1211 179 1255 torma
196 1223 225 1255 ne
241 1210 268 1255 ab
285 1211 334 1269 ipso
356 1209 446 1270 quidem
469 1222 526 1268 papa
543 1210 655 1270 proficisci
676 1214 776 1269 possunt.
808 1210 857 1256 Hoc
872 1210 963 1254 nonnisi

107 1295 161 1334 tunc
177 1288 269 1346 liceret,
290 1291 310 1335 si
333 1289 478 1334 int'allihilitas
495 1303 566 1349 papae
584 1290 663 1348 dapum
680 1296 747 1336 esset.
780 1290 826 1337 Sed
841 1290 963 1341 infallibili-

106 1375 175 1416 tatem
192 1361 326 1429 6666611011
348 1384 399 1415 esse
418 1370 507 1430 dogma,
523 1384 602 1416 omnes
612 1370 713 1432 theologi
730 1373 880 1429 consentiunt,
897 1372 968 1417 etiam.

108 1452 124 1497 ii
139 1450 177 1511 qui
193 1451 241 1497 eius
258 1451 435 1496 infallibilitatem
452 1451 535 1497 docent
548 1454 576 1508 ¹).

170 1532 297 1578 Secundum
313 1532 371 1577 haec
387 1532 521 1577 interdicere
538 1546 624 1579 summo
641 1534 750 1592 pontifici,
763 1534 832 1592 licet,
855 1548 883 1579 ne
902 1538 963 1578 certa

108 1613 219 1672 quaedam
236 1612 339 1658 doctrina
356 1611 461 1658 credatur
477 1613 632 1671 doceaturve,
647 1614 689 1659 sed
706 1614 780 1660 cidem
797 1614 926 1672 nonlicet,
941 1618 964 1659 ut

107 1693 207 1751 positive
222 1694 363 1752 praecipiat,
380 1692 433 1753 quid
449 1694 585 1740 credendum
601 1694 638 1740 vel
660 1694 787 1740 docendum
806 1695 849 1753 sit,
876 1696 920 1740 nisi
945 1696 964 1741 si

109 1778 161 1818 ante
178 1773 206 1818 ab
223 1774 357 1818 auctoritate
373 1773 496 1831 infallibili,
519 1773 646 1819 aconcilio
663 1777 826 1830 oecumenico,
851 1776 879 1820 de
897 1789 924 1820 ea
939 1789 965 1820 re

112 1853 226 1898 decretum
243 1854 277 1898 sit.
309 1853 358 1897 Hoc
375 1855 434 1900 enirn
450 1857 474 1900 in
490 1859 567 1913 aperto
585 1859 635 1911 est,
651 1856 777 1900 auctoritati
794 1870 839 1900 noa
853 1855 968 1914 irascillibili

111 1948 185 1993 neque
203 1939 338 1993 potestatem
354 1946 428 1991 neque
444 1934 479 1979 ius
497 1939 633 1993 competere,
649 1934 755 1994 dogmata
769 1934 821 1979 fidei
838 1936 928 1980 dioiooc
939 1940 966 1982 ,et

111 2016 236 2061 catholicae
254 2015 402 2075 proponendi.
435 2015 470 2060 Ac
496 2016 533 2074 qui
552 2015 642 2060 tandem
666 2016 788 2062 catholicus
809 2016 967 2075 quidquamin

102 2098 183 2142 Credo
200 2111 263 2142 suum
278 2097 381 2154 recipere
397 2096 482 2154 possit,
506 2097 528 2140 h.
545 2110 565 2141 e.
583 2098 620 2155 qui
638 2096 732 2141 credere
749 2097 768 2141 is
786 2097 903 2156 quidquam
922 2096 965 2142 lide

108 2179 189 2223 rdiciaci
213 2182 235 2223 et
252 2176 364 2222 catholiea
382 2177 470 2235 possit,
497 2178 557 2236 quod
575 2177 698 2229 auctoritas
715 2176 811 2229 fallibilis
830 2176 966 2222 credendum

114 2312 342 2322 ,..-..—..-.——-..

150 2385 169 2435 1)
184 2385 256 2429 „Error
270 2385 419 2421 calumniatoris
434 2396 500 2433 poena
516 2384 555 2420 iam
570 2383 641 2432 (lignus
657 2388 693 2428 eat,
710 2384 726 2418 si
741 2382 802 2418 verba
817 2383 859 2418 eius
873 2380 965 2432 iniuriam

195 2454 281 2500 faciunt,
298 2456 330 2490 vel
344 2457 360 2491 si
374 2456 496 2505 vituperatio
512 2444 600 2491 falsasti
615 2467 638 2490 60
657 2453 802 2503 proficiscitur,
820 2451 854 2500 qui
870 2463 905 2500 pro
921 2460 964 2486 616-

192 2537 240 2561 6616
257 2537 293 2560 suo
308 2525 391 2561 meliora
405 2527 453 2560 scire
471 2526 541 2573 possit.
569 2524 651 2559 Miratus
665 2536 718 2569 sum,
735 2537 778 2560 cunr
791 2535 856 2572 nuper
871 2522 964 2572 comperi,

165 2612 169 2622 υ
191 2592 316 2631 sacerdotem
338 2592 475 2630 Lutlreranum
491 2592 625 2642 spectabilem
639 2599 659 2630 et
678 2593 778 2630 eruditum
795 2593 899 2630 catholicis
915 2592 964 2628 vitio

190 2670 283 2710 vertere,
301 2663 325 2699 ab
341 2664 364 2700 iis
378 2663 459 2712 agnosci
474 2669 533 2712 capnt
547 2662 633 2709 visibile,
648 2664 702 2714 quod
717 2664 809 2713 (logmata
823 2664 965 2713 praescribat,“

223 2735 303 2780 „illinus
319 2734 393 2779 miror,
415 2732 471 2784 quod
489 2733 526 2769 iste
545 2733 569 2770 N.
584 2734 608 2770 N.
625 2735 684 2771 etiam
700 2733 724 2771 116
740 2734 888 2789 1616111111111616
902 2739 964 2785 papne

191 2811 285 2855 tanquam
301 2804 393 2854 dogmate
408 2803 551 2839 catholicorum
565 2805 662 2855 loquitur.
678 2805 773 2853 Cognitos
789 2805 823 2840 ille
838 2803 906 2848 hahet,
919 2803 965 2852 qui-v

188 2873 225 2911 bus
240 2874 321 2919 scribat,
338 2881 358 2911 et
372 2874 443 2910 melius
460 2872 541 2910 fortasse
553 2889 612 2926 quarn
628 2876 738 2912 6116661166
755 2875 798 2920 scit,
813 2881 909 2924 quantun]
926 2866 965 2908 uti·

190 2946 253 2982 litatis
268 2959 316 2983 suae
332 2948 359 2982 rei
376 2947 425 2982 11666
440 2944 534 2981 6111166161
551 2938 680 2995 pronuntiata
695 2949 763 2982 6116116
773 2946 851 2995 possint
860 2953 871 2967 “
899 2942 965 2981 Verba

190 3022 237 3053 sunt
252 3018 331 3053 comitis
346 3015 449 3055 Friderici
462 3016 560 3064 Leopoldi
575 3017 599 3054 de
616 3017 721 3067 81011616.-
744 3017 788 3052 Duo
808 3016 880 3064 scripta
893 3027 908 3053 s,
924 3015 964 3049 Au-

192 3088 266 3136 gustini
286 3101 306 3138 p.
321 3087 365 3125 349.
386 3089 444 3125 Conf.
460 3087 575 3135 Dogmatica
587 3087 656 3126 Kle'eii
672 3095 692 3125 et
712 3088 829 3124 Dissertatio
844 3085 964 3137 1111611116-

191 3163 243 3194 serta
260 3157 423 3209 ephemeridibus
437 3156 602 3205 'lubingensibus
615 3158 728 3209 (Tiibinger
742 3154 919 3208 Qirartalsclrriftj:
938 3152 963 3188 116

189 3229 285 3274 terminis,
301 3230 375 3280 quihus
392 3227 479 3266 docendi
494 3227 574 3265 licentia
590 3229 645 3279 116611
661 3229 769 3267 catholicos
783 3229 917 3271 contineatur.
