1979 3399
396 81 663 139 -185—-4

61 224 117 269 reni.
145 221 195 267 Non
209 221 332 266 omiserant
348 221 548 268 tenebrtcosissimi
564 222 666 267 homines
683 222 810 266 monstrare
824 219 911 265 civilem

57 307 190 363 potestatem
211 303 353 349 Bornssicam
377 307 481 361 tanquam
512 304 535 347 in
559 315 653 348 recessu
678 302 823 348 insidiantem
844 301 911 360 idque

56 398 141 430 summa
166 384 189 429 vi
213 389 333 443 agentem,
364 388 388 428 ut
414 383 525 428 Hermesii
549 396 617 442 opera
644 385 757 430 ecclesiae
784 382 911 429 catholicae

55 467 120 511 ruina
138 465 260 509 afferretur.
292 465 357 508 Adeo
375 465 398 508 in
410 463 584 522 protestantibus
601 478 646 509 non
665 466 778 524 deerant,
799 466 836 525 qui
852 464 912 510 fide-

55 546 99 592 lem
114 547 136 590 in
155 545 345 590 Christianismum
361 543 517 603 evangelicum
535 557 633 589 amorem
650 551 671 590 et
687 546 783 592 studium
801 546 911 595 simulam

56 631 91 670 tes
108 625 217 670 adversus
233 625 372 670 Hennesiunr
388 628 531 669 testarentur.
563 625 619 670 Naar
634 639 699 683 quum
710 627 840 673 Hermastus
857 608 909 673 tanl-

55 713 101 752 tum
116 706 232 751 tribuisset
246 707 337 764 rationi,
353 711 378 751 ut
395 719 415 750 e.
434 719 456 765 g.
473 705 510 750 dei
526 706 679 751 exsistentiam
701 711 837 768 argumentis
853 723 910 768 pro*-

55 790 112 834 bare
129 788 206 847 possit,
223 788 241 832 is
257 787 348 833 Lutlreri
364 787 480 832 doctrinae
497 788 534 846 qui
546 788 656 832 rationem
673 802 713 847 per
730 798 846 848 peecatum
862 804 909 836 non

56 869 145 930 quidem
169 868 304 914 debilitatam
320 867 361 914 scd
376 870 509 913 exstinctam
526 868 616 927 docuit,
640 869 771 916 adversatus
789 877 837 930 est,
865 886 909 918 eo-

56 964 98 1009 que
116 949 227 1008 quomodo
248 951 271 995 in
286 950 434 996 rationalismi
454 950 653 1009 reprehensionem
678 952 736 1010 apud
757 958 908 1011 protestantes

55 1034 162 1089 incurrat,
180 1032 245 1077 facile
261 1033 396 1093 intelligitur.
425 1034 542 1079 Caeterum
558 1033 642 1079 dolone
658 1033 716 1078 malo
733 1033 757 1078 id
774 1034 855 1079 lactum
872 1035 908 1093 sit,

54 1128 134 1158 narie
151 1113 239 1173 quidem
255 1127 302 1159 non
319 1116 467 1175 adquiremus.
492 1114 520 1159 Ut
534 1112 599 1160 brevi
616 1115 696 1172 dicam,
713 1114 809 1160 Romani
824 1115 910 1162 inducti

55 1201 106 1241 sinit
121 1200 145 1240 ut
160 1194 286 1252 crederent,
303 1210 352 1240 eum
362 1201 442 1241 statum
455 1209 538 1241 causae
553 1196 642 1254 adesse,
657 1209 722 1256 quem
736 1195 787 1242 lcco
805 1202 856 1242 ante
872 1198 909 1243 in-

55 1277 129 1322 dicato
147 1277 281 1322 Muratorius
297 1277 405 1323 describit
419 1278 455 1323 bis
466 1278 557 1324 verbis:

146 1359 234 1418 „Quum
249 1361 325 1405 vitium
343 1361 398 1405 satis
415 1366 514 1419 apertum
531 1373 556 1405 se
574 1360 708 1405 dissimulari
723 1372 770 1405 non
786 1360 869 1417 patitur
885 1365 907 1406 et

145 1441 286 1485 excusationi
301 1440 375 1486 locum
392 1440 480 1499 aufert,
506 1441 617 1500 intrepide
632 1440 743 1486 sententia
760 1439 858 1499 feratur,
884 1447 907 1488 et

143 1521 248 1566 inauditis
267 1535 355 1581 quoque
370 1522 500 1567 auctoribus
514 1522 683 1581 proscribantur
698 1520 771 1566 librar<

116 1658 189 1703 Status
207 1669 290 1702 causae
306 1656 424 1702 videbatur
446 1657 544 1714 adesse,
573 1671 637 1716 quem
659 1657 794 1704 Benedictus
810 1658 862 1705 XlV
881 1662 905 1707 in

54 1739 212 1785 constitutione
228 1738 317 1797 saepius
334 1738 423 1783 laudata
441 1744 463 1793 ς,
483 1739 510 1782 11
526 1739 638 1797 providit:

144 1820 233 1879 ,Neque
253 1804 313 1864 enim
329 1819 424 1878 idopns
442 1832 493 1864 esse
512 1819 630 1864 dicendum
646 1823 687 1876 cst,
706 1833 772 1879 quum
788 1821 825 1866 vel
840 1821 905 1867 Hae-

144 1902 208 1948 retici
233 1900 329 1946 hcminis
347 1901 405 1946 liber
421 1901 582 1960 denunciatur,
610 1902 633 1945 in
657 1914 700 1960 quo
718 1910 798 1948 auctor
815 1916 905 1949 errores

148 1983 259 2029 catholico
278 1983 376 2042 dogmati
394 1982 539 2027 adversantes
557 1983 658 2028 consulto
677 1983 744 2028 tradit
759 1988 797 2029 aut
811 1989 905 2030 tuetur.ss

114 2063 176 2109 Haec
192 2078 234 2110 arx
247 2066 270 2108 in
287 2078 351 2124 qnam
363 2064 493 2123 condirgere,
509 2064 567 2108 baec
585 2077 647 2108 arma
658 2076 715 2121 quae
730 2076 819 2108 sumere
837 2065 904 2110 debet

52 2141 125 2199 isqui
147 2142 363 2201 sedisapostolicae
390 2142 473 2201 agendi
497 2143 608 2187 rationem
630 2142 658 2188 ad
676 2143 841 2189 defendendum
859 2146 902 2191 sibi

52 2224 132 2279 sumit3
149 2222 190 2267 sed
205 2223 258 2267 inde
275 2236 325 2268 enm
343 2222 455 2281 expellere
472 2228 580 2269 conantur
595 2225 734 2284 quicunque,
757 2225 809 2270 dum
824 2226 902 2272 sedem

52 2303 197 2361 apostolicam
214 2317 264 2349 ase
283 2302 373 2348 defendi
389 2308 516 2361 causantur,
533 2317 559 2349 re
575 2317 631 2349 vera
646 2304 701 2351 nibil
712 2306 757 2351 nisi
772 2319 835 2352 suam
847 2321 904 2354 cau-

52 2396 107 2442 sam,
125 2385 148 2433 id
165 2390 200 2434 est
215 2398 279 2432 suam
295 2385 438 2433 vitiositatem
454 2387 511 2432 tueri
524 2399 550 2433 ac
567 2385 690 2434 defendere
707 2394 823 2436 conantur.

55 2680 268 2731 Condentrrcttcnts
285 2691 411 2734 enarratio
428 2691 590 2736 continuatur.
623 2688 687 2735 Ncct
703 2702 810 2747 errores,
826 2702 902 2734 narce

112 2767 286 2825 repnpnanttce
303 2764 424 2814 Perrantt.
852 2767 853 2770 ¹

111 2895 231 2940 inscitiane
248 2895 349 2941 Petronii
372 2912 400 2942 an
416 2901 554 2945 mendacitas
574 2900 645 2944 maior
660 2900 688 2944 sit
699 2909 707 2955 ,·
733 2914 761 2945 an
778 2906 871 2961 utraque
888 2916 902 2948 a

55 2976 159 3021 vastitate
176 2976 223 3021 eius
242 2982 372 3035 superetur,
400 2983 501 3039 quaestio
520 2987 568 3039 est,
586 2965 755 3039 quaidsolvere
772 2982 811 3026 vix
828 2983 904 3028 eonti-

21 3080 22 3083 =
53 3054 118 3108 gerit.
152 3056 214 3110 Quae
230 3072 243 3102 a
258 3058 365 3103 Perronio
386 3062 408 3105 in
429 3062 457 3106 iis
478 3076 535 3121 quae
552 3066 602 3105 ante
619 3060 717 3113 dinimus>
731 3064 834 3120 exposita
852 3070 903 3110 sunt

53 3128 81 3174 de
97 3135 153 3181 artis
170 3137 280 3183 Hermesii
297 3139 428 3198 scriptorum
451 3142 658 3187 condemnationem
681 3144 849 3202 spectantibus,
876 3158 903 3190 ea

54 3217 131 3273 certe,
155 3220 234 3278 qnippe
250 3220 286 3278 qni
302 3219 386 3266 Rornae
402 3222 478 3278 vivat,
503 3221 534 3267 illi
549 3224 662 3278 comperta
678 3232 747 3278 esse,
772 3221 903 3268 credideris.
