1979 3399
361 85 566 139 ..<1„t7..,

39 224 80 271 riis
102 224 252 272 adducamur‘
272 231 297 284 ¹).
340 226 366 272 ln
391 227 515 274 Annalibus
535 228 658 274 litterarum
684 224 899 270 Vindobonerrsibus

41 318 126 350 censor
150 306 177 351 ad
195 308 391 354 ratiocinationem
417 309 529 367 quandam
545 307 712 353 ssouteinveoliii
731 321 743 351 a
760 319 786 352 se
803 306 826 350 in
844 318 902 350 con-

42 390 105 431 textu
121 387 170 433 eius
188 388 264 446 operis
279 387 398 433 salutatam
415 388 545 433 annotavit:
572 388 654 446 ,lianc
676 392 751 433 autern
767 385 904 445 responsio-

42 481 94 512 nem
112 481 196 513 censor
211 481 258 512 non
275 481 305 512 ex
322 468 456 526 conrpendio
474 474 598 513 memorato
615 470 714 528 sumpsit,
731 468 772 514 sed
788 466 903 512 exlntro-

42 545 149 593 ductione
171 549 194 592 in
211 547 351 607 theologiam
368 545 495 592 Christiano
505 573 519 583 ·
531 548 664 594 catholi0am
679 548 786 593 Doctoris
803 552 825 591 et
839 545 902 590 Pro-

43 625 141 683 fessores
157 624 276 682 Hermresir',
293 625 333 688 qui
346 624 436 684 felicius
454 638 522 683 parom
538 640 613 687 oratores
634 632 685 670 orate
704 641 753 671 eura
772 629 795 670 in
816 631 903 671 tautane

46 704 144 748 rationis
161 704 273 749 humanae
292 705 442 749 toccianellum
460 706 550 762 ftrrmrnt
572 705 670 762 iaceant,
692 706 716 749 ia
737 720 781 763 pao
798 712 904 764 tuaquom

40 798 100 842 pons
118 785 248 843 superstrui
266 784 355 841 possit,
378 785 417 842 qai
439 798 468 828 ea·
485 784 540 829 orbe
556 785 659 830 acturam
675 784 699 829 irc
714 790 786 829 attente
802 786 904 830 triciden—

43 864 98 908 tiam
114 864 146 908 ad
160 863 294 908 ottocarum
310 877 387 908 rerum
404 864 488 907 caritot
501 878 522 908 aa
535 864 648 920 perducat
659 868 688 918 Ἰ).
733 865 826 911 Tantum
842 879 902 910 anno

47 945 107 989 1822
122 944 217 989 aberant
232 945 332 990 Annales
350 943 547 1000 vindobonenses,
566 950 589 988 ut
607 945 773 1003 scepticismum
790 946 813 990 in
829 945 905 1004 philc-

42 1024 138 1083 sophica
159 1024 327 1069 introductione
346 1023 504 1080 offenderent,
529 1029 552 1068 ut
569 1025 740 1081 existimarent,
761 1026 904 1070 llermesium

43 1104 133 1162 felicius
149 1117 217 1162 quom
231 1117 308 1148 milltes
324 1108 376 1149 crate
392 1117 442 1148 curn
457 1105 596 1149 exstruxisse
610 1109 702 1163 pontem
717 1104 795 1160 illum,
822 1106 859 1164 quii
877 1119 906 1149 ex

45 1187 102 1231 orbe
122 1186 224 1231 idearum
247 1186 276 1229 ad
299 1184 435 1229 obiectinam
458 1198 533 1229 rerum
551 1186 669 1230 veritatem
693 1184 815 1244 perducat!
858 1184 904 1231 Sed

46 1266 118 1325 qualis
142 1265 232 1310 tandem
252 1278 309 1324 pons
326 1270 369 1310 iste
385 1266 421 1323 sit,
440 1267 460 1310 si
483 1266 531 1310 eins
548 1265 692 1311 fundamenta
713 1267 737 1310 in
758 1278 905 1325 regnarent

46 1347 192 1392 dubitationis
207 1347 279 1405 posita
295 1346 351 1392 sint!

100 1429 153 1482 ,mn
177 1441 237 1473 nunc
262 1428 355 1473 Lentino
379 1429 499 1486 episcopus
521 1431 573 1483 est,
598 1426 640 1470 Dr.
664 1426 787 1484 Greportus
808 1425 905 1471 'Tltoarns

46 1509 148 1568 Ziepler,
166 1509 202 1567 qui
218 1508 293 1566 plures
310 1521 351 1565 per
368 1519 441 1552 annos
458 1506 634 1566 theologiarum
650 1506 797 1551 universitate
815 1506 907 1551 Vindo-

48 1588 144 1635 honensi
159 1588 276 1646 professus
300 1593 334 1632 est
358 1592 380 1632 ct
396 1586 456 1632 edita
473 1587 601 1646 dogmatica
626 1586 737 1646 llldplelii
750 1587 808 1631 hene
825 1587 907 1631 meruit

47 1667 76 1712 de
95 1667 222 1726 dogmatica
233 1666 352 1723 catholica,
370 1679 429 1710 anno
442 1666 501 1710 1823
514 1666 601 1721 librum,
619 1669 655 1711 cui
672 1680 754 1712 nomen
763 1667 908 1725 ,Catholicae

46 1748 98 1807 dalei
107 1746 264 1806 prr-tacipiurra,“
278 1747 336 1805 typis
349 1745 470 1805 evulgavit.
487 1746 541 1790 Tam
556 1748 579 1791 in
590 1747 700 1806 illaquam
712 1749 735 1792 in
747 1747 792 1792 hcc
802 1760 870 1807 opere
880 1750 908 1805 ³),

49 1830 77 1874 ad
89 1830 149 1888 quod
159 1828 270 1874 edendum
280 1828 361 1873 eodem
368 1827 482 1873 desiderio
490 1835 523 1883 (r.
531 1828 604 1873 Praei.
613 1842 634 1887 p.
642 1829 668 1885 7)
677 1828 792 1888 Zieglcrus
803 1828 909 1886 impulsus

50 1909 297 1969 cst‚quoHe1·rnesius
314 1907 344 1953 ad
360 1907 529 1966 philosophicas
553 1921 606 1953 suas
629 1903 773 1966 paraestiones
800 1908 910 1953 adductus

52 1995 107 2048 orat,
124 1991 191 2048 etiam
205 1988 302 2048 'Georgii
317 1987 429 2033 Hermesii
444 1988 528 2032 mentio
547 1987 606 2032 facta
623 1993 664 2033 est.
707 1989 763 2034 Num
778 1990 844 2032 etiam
861 1988 911 2046 epi-

49 2084 133 2130 scopus
151 2069 266 2129 Zieglerus
283 2080 321 2113 res
332 2080 405 2112 noras
422 2067 445 2111 in
462 2068 550 2125 scriptis
562 2067 673 2114 llerrnesii
688 2068 843 2127 deprehendit,
857 2082 909 2113 num

50 2152 109 2196 idem
124 2152 153 2195 ad
168 2148 297 2194 methodum
315 2148 363 2192 eius
381 2145 481 2202 offendit,
497 2159 549 2191 num
567 2147 686 2206 obstupuit,
705 2163 755 2193 cunr
772 2149 799 2192 alr
811 2149 909 2193 Herme-

50 2233 84 2277 sio
99 2230 210 2276 rationem
227 2230 251 2273 in
269 2227 356 2272 coelum
373 2226 453 2270 elatam
469 2225 545 2270 uidit?
569 2227 630 2271 Ecce
644 2228 693 2286 ipsa
710 2227 807 2286 Ztepte'ri
825 2229 907 2274 uerba:

51 2312 87 2370 ,st
102 2302 172 2356 nostri
187 2308 294 2367 temporis
309 2306 371 2352 docti
387 2304 489 2349 hornines
508 2304 549 2359 [de
568 2305 721 2352 Rationalistis
732 2308 910 2368 loquiturtapo-

50 2391 123 2450 logias
140 2394 242 2435 veterum
259 2389 358 2442 Patrum,
375 2386 470 2443 laistim,
487 2386 607 2432 Clementis
624 2388 785 2449 Alexandrini,
803 2391 908 2437 Athena-

50 2486 139 2532 gome,
155 2470 289 2528 Athanasii,
307 2470 422 2528 utriusque
438 2468 557 2527 Gregorii,
574 2469 728 2528 Chrysostomi
739 2471 908 2526 ,Enolririd-ion

51 2552 182 2614 Augustini,
205 2550 304 2595 Thomae
328 2548 447 2607 Aquinatis
470 2553 548 2593 contra
570 2554 651 2608 gentes
674 2551 744 2597 libros
773 2552 810 2598 rel
832 2553 909 2611 primis

51 2631 116 2679 labiis
134 2633 280 2692 gustassent,
298 2627 393 2687 puderet
408 2640 457 2685 eos,
473 2630 557 2675 nostris
574 2629 653 2676 dielaus
669 2631 819 2679 materialismi
831 2639 910 2692 patro-

52 2714 134 2760 cinium
152 2712 281 2770 suscipere,
303 2713 369 2766 atquc
386 2721 413 2752 ea
429 2708 536 2766 opinione
552 2709 617 2767 duci,
642 2724 694 2757 sese
712 2715 786 2773 magni
801 2714 854 2772 quid
868 2728 907 2760 rc-

52 2793 127 2850 perire
143 2793 167 2839 in
182 2792 227 2837 hoo
244 2790 309 2846 falso,
325 2788 415 2847 laliaci,
433 2789 566 2848 infirmoque
582 2791 699 2850 principio
733 2793 791 2848 Quid
808 2796 867 2839 enim
883 2810 909 2841 re

52 2900 255 2910 ΝΜ

47 2961 48 2964 “
97 2942 117 2993 1)
131 2941 270 2993 Repertorium
285 2939 399 2976 uniuersale
414 2938 540 2976 litteraturae
555 2939 676 2977 domesticae
692 2947 712 2978 et
728 2948 829 2981 externae.
847 2943 909 2983 Tomi

127 3013 140 3049 ‘t
154 3013 261 3050 fasciculus
278 3011 296 3048 2,
310 3010 390 3059 Lipsiae
406 3009 457 3046 1819
471 3010 525 3059 apud
539 3010 653 3048 tinotloch,

96 3084 116 3136 2)
132 3084 220 3121 Annales
237 3083 348 3120 litterarum
365 3080 542 3127 Virmlchouenses,
558 3087 605 3120 tom,
620 3080 648 3118 18.
663 3082 685 3117 Α,
701 3079 757 3120 1822.
772 3084 853 3136 Aprilis,
867 3088 910 3126 Ma

128 3155 165 3200 ius,
181 3155 257 3191 lunius.

91 3222 112 3275 a),
128 3237 145 3263 v.
161 3225 245 3275 Ziegleri
260 3223 346 3262 institut
363 3237 378 3259 a,
393 3224 468 3274 proleg,
483 3221 556 3262 Theoi,
572 3220 623 3258 cath,
645 3220 737 3261 Viennae
755 3225 811 3265 1821.
827 3241 846 3278 p,
862 3226 906 3264 3111.
