1979 3399
331 102 593 152 «⁴335-

66 250 110 289 ίαν.
143 243 237 306 Auferte
251 247 334 292 attrahor
349 246 379 292 de
394 251 457 291 terre
473 250 558 292 oestro.
587 243 637 291 Non
654 257 689 291 rac
704 243 857 299 interceperit,
881 240 923 285 sed

66 326 147 373 docere
162 334 280 387 praeerunt,
287 360 289 362 ψ
296 328 351 387 palie
360 328 423 373 seror'
434 332 487 372 srtrrt
495 326 647 373 Anticltristiss.
680 321 841 371 Huiuscemodi
852 321 921 367 verba

66 407 162 467 loquitur
177 411 359 473 archiepiscopus
369 408 503 467 Elipundos,
517 408 552 453 vir
568 408 705 454 incredibilis
720 401 866 466 pertinaciae,
884 403 921 460 qui

66 494 140 536 tamen
158 491 206 549 ipse
224 491 350 535 haereticis
362 489 471 533 doctrinis
487 488 612 545 implicatus
630 494 693 550 erat,
710 489 792 546 quique
809 484 920 530 adversus

67 584 211 630 quascunque
227 570 382 625 hortationes,
398 568 507 614 adversus
525 581 678 628 quemcunque
693 568 787 613 meliora
803 566 918 611 docturum

66 664 132 696 aures
150 663 203 695 suas
220 649 359 695 occludebat.
392 650 415 695 Si
439 654 491 693 ante
514 650 556 692 tria
575 648 622 693 lere
640 649 731 694 saecula
748 647 824 693 clerici
841 645 919 691 archi-

67 731 180 775 dioecesis
204 729 345 775 Coloniensis
368 729 498 774 Hermanno
523 728 691 788 archiepiscopo
714 729 738 774 id
753 728 918 788 promisissent,

66 811 126 870 mrod
143 799 325 870 archiepiscopus
342 809 441 855 Clemens
453 808 569 868 depicatus
580 810 705 868 postulavit,
723 824 749 855 ae
766 811 785 855 si
801 809 829 853 iis
840 809 919 854 licuis-

68 895 119 948 set,
142 895 166 934 ut
190 889 234 935 hoc
256 891 407 949 sponderent,
432 889 551 947 capitulum
573 890 764 956 Metropolitanum
783 890 918 936 Coloniense
947 888 949 893 ’

66 971 126 1017 nullo
151 983 192 1016 suo
214 971 262 1015 iure
279 971 385 1016 resistere
401 971 510 1028 potuisset
530 970 595 1014 novis
620 970 687 1015 rebus
704 970 731 1014 ab
749 970 919 1031 archiepiscopo

66 1041 196 1097 Hermanno
213 1051 320 1108 tentatis,
335 1063 409 1109 neque
425 1049 515 1094 dubium
531 1055 604 1107 esset,
621 1052 672 1108 quin
689 1052 733 1095 iam
750 1052 866 1099 exalarent
881 1067 921 1098 sa-

66 1145 105 1176 cra
123 1129 234 1175 catholiea
252 1134 274 1173 et
291 1130 394 1174 doctrina
410 1129 501 1173 Lutheri
515 1128 630 1176 >Coloniae
647 1130 804 1177 dominaretur.

127 1209 178 1257 Non
196 1211 262 1255 aliam
280 1208 430 1254 obedientiam
448 1209 569 1267 episcopus
584 1209 620 1254 vel
631 1210 813 1271 archiepiscopus
824 1227 920 1271 poscere

66 1296 148 1350 potest,
164 1292 208 1335 nisi
226 1304 291 1349 quam
310 1291 373 1348 leges
397 1289 567 1335 ecclesiasticae
585 1292 719 1337 concedunt.
754 1295 862 1347 Quantum
878 1307 920 1339 eae

1 1405 3 1417 ,
66 1373 129 1432 leges
145 1372 281 1430 permittunt,
297 1375 382 1416 tantum
398 1371 433 1415 ins
444 1370 612 1429 'archiepiscopi
626 1372 699 1431 valet,
718 1379 740 1418 et
755 1375 793 1419 ubi
809 1375 868 1434 illae,
878 1375 921 1419 de-

66 1454 149 1509 sinunt,
169 1453 200 1497 ibi
212 1451 340 1497 obedientia
352 1464 406 1510 erga
419 1451 547 1514 episcopum
563 1451 599 1496 vel
611 1453 803 1513 archiepiscopum
819 1430 920 1500 telininis

1 1540 2 1549 ¹
50 1535 113 1595 suis
130 1533 299 1591 circumscripta
316 1537 357 1576 est.
389 1531 450 1575 Ultra
466 1515 509 1575 hos
525 1530 581 1576 fines
598 1533 791 1593 archiepiscopum
808 1536 921 1581 obedien-

1 1634 2 1658 t
65 1615 118 1659 tiam
134 1614 260 1673 postulare,
278 1626 324 1657 non
340 1611 423 1655 licitum
439 1615 489 1668 est,
512 1624 586 1670 neque
603 1612 692 1659 clericis
709 1615 805 1660 officium
823 1623 873 1673 est,
896 1623 920 1662 ut

66 1707 115 1739 eam
132 1697 257 1753 praestent:
274 1694 341 1758 innuo
357 1690 437 1738 horum
453 1690 550 1735 officium
569 1697 617 1751 est,
633 1698 657 1738 ut
672 1695 694 1739 iu
712 1695 822 1740 eiusmodi
838 1698 920 1754 causis,

66 1790 121 1835 quas
137 1774 331 1830 enumeravimus,
357 1784 435 1817 omues
454 1772 561 1818 utilitates
586 1779 688 1819 terrenas
713 1782 881 1823 contemnentes
898 1783 921 1822 et

65 1858 125 1901 vitae
149 1855 207 1899 adeo
231 1854 348 1912 dispendio
373 1865 422 1895 eam
445 1851 595 1899 obedientiam
620 1854 740 1915 denegent.
777 1856 840 1901 llaec
855 1871 921 1916 quum

66 1950 107 1995 per
123 1950 148 1982 se
164 1939 270 1994 pateant,
288 1937 382 1992 possunt
400 1932 466 1976 etiam
489 1933 664 1979 luculentissime
685 1936 776 1994 probari
792 1942 836 1983 tum
850 1946 886 1984 'en
902 1952 921 1984 s.

65 2016 164 2061 'llromae
179 2020 225 2060 tum
242 2028 271 2059 ex
286 2015 409 2059 beatissimi
426 2015 496 2071 patris
515 2013 619 2072 Gregorii
637 2015 686 2059 XVI
705 2017 801 2074 scriptis.

36 2144 37 2148 ,
94 2136 111 2145 ,,
128 2096 235 2156 ,Praelati
260 2099 379 2154 poscente,
404 2092 564 2147 celeberrimus
590 2094 687 2140 Ioannes
714 2095 836 2141 Gersouius
857 2098 919 2154 dicit,

65 2177 186 2234 ,inducere
202 2186 356 2234 quamcunque
372 2172 454 2217 vellent
470 2185 537 2230 super
552 2172 602 2217 illos
617 2175 753 2232 servitutem,
770 2176 847 2221 sistris
863 2190 919 2221 sen-

65 2256 139 2300 tentiis
156 2245 278 2314 iuiquis'et
296 2253 397 2298 erroneis
414 2266 504 2310 semper
520 2259 580 2297 esset
597 2243 770 2299 obediendumss

126 2333 313 2392 Infallibilitatem,
331 2348 397 2393 quam
414 2332 490 2378 theses
509 2333 679 2393 archiepiscopo
701 2335 750 2393 ipso
766 2336 826 2381 facto
843 2342 866 2381 et
881 2342 919 2382 ta-

67 2416 111 2460 cite
127 2415 261 2473 tribuebant,
278 2416 327 2474 ipse
342 2415 525 2474 persentiscens,
545 2429 612 2475 supra
626 2415 690 2475 leges
708 2416 820 2462 eeclesiae
837 2418 918 2464 elatum

66 2509 118 2542 sese
132 2496 233 2541 eredidit.
265 2497 352 2542 Novum
364 2498 411 2542 eius
423 2497 457 2541 rei
468 2502 622 2557 argumentum
634 2497 710 2542 theses
720 2497 771 2542 illae
780 2499 842 2556 ipsae
851 2512 920 2556 prae-

65 2575 133 2634 bent,
151 2589 205 2633 quas
223 2577 311 2623 clericis
327 2579 470 2625 iureiurando
487 2580 619 2637 interposito
641 2578 779 2637 adoptandas
795 2579 918 2623 concinna.

40 2666 42 2672 ’
66 2662 136 2702 verat.
168 2656 254 2700 Etenim
278 2657 312 2700 ius
339 2659 471 2701 canonicum
497 2658 625 2714 interdicit,
649 2671 677 2701 ne
703 2658 917 2716 varchiepiscopusa

68 2737 156 2782 clericis
174 2736 221 2781 suis
238 2735 391 2781 iusiurandum
407 2736 516 2801 postulet,
534 2739 579 2783 nisi
594 2751 645 2798 pars
662 2737 858 2784 administrationis
874 2751 917 2783 ec-

68 2817 210 2862 clesiasticae
221 2817 254 2860 eis
267 2816 418 2861 demandetur.
436 2818 524 2875 „Nullus
535 2821 674 2877 episcopum,
692 2819 722 2862 ita
738 2824 772 2862 est
787 2819 810 2861 in
826 2819 850 2863 C.
864 2820 916 2875 5,X

68 2900 95 2945 de
109 2897 256 2943 iureiurando
269 2898 304 2955 (9,
314 2896 476 2955 [tp—„elericos
491 2912 552 2958 suos,
563 2900 606 2944 nisi
618 2898 675 2942 l'orte
685 2898 764 2956 quibus
775 2898 917 2944 ecclesiasti-

68 2994 144 3026 carum
159 2993 234 3024 rerum
251 2978 369 3022 commissa
385 2977 452 3022 fuerit
469 2980 613 3039 dispensatio,
629 2977 672 3020 sibi
687 2978 762 3022 iurare
776 2980 914 3038 conpertam.

123 3060 255 3107 Auctoritas
268 3057 356 3118 quidem
372 3071 443 3118 papae
454 3060 477 3105 in
487 3062 544 3106 thesi
557 3059 593 3104 illa
605 3053 786 3123 duodevicesima
802 3075 917 3108 memora-

67 3147 124 3187 tur.v
141 3140 185 3187 Sed
200 3142 267 3186 velim
283 3138 428 3195 consideres,
445 3155 472 3186 ca
493 3154 531 3186 res
547 3153 589 3198 quo
609 3139 697 3183 tandem
714 3154 755 3185 usu
769 3156 865 3189 evasura
881 3144 916 3200 sit,

68 3226 90 3265 et
107 3220 172 3266 facile
188 3221 315 3282 intelligas,
339 3221 435 3266 clericos
450 3221 549 3282 singulos
567 3221 656 3267 omuino
674 3221 838 3286 archicpIscopi
854 3224 915 3268 arbi-
