1979 3399
378 167 422 188 -ι
453 146 507 197 338
547 165 582 193 -.-·

46 291 97 335 ensi
113 301 204 350 operam
222 285 349 345 dederont,
374 292 398 333 ut
414 286 494 348 vulgus
517 287 546 332 ad
564 285 642 332 turbas
660 296 750 345 semper
764 289 865 345 paratura
882 290 905 333 in

45 376 121 429 partes
139 370 271 414 traheretur.
304 369 329 414 In
347 370 434 414 recenti
451 369 561 414 rnenroria
579 373 614 414 est
630 380 711 429 pompa
728 367 811 413 trorrori
827 381 845 413 s.
861 368 907 413 Ur-

44 452 106 497 sulae
123 451 197 508 dricta,
216 456 239 496 et
255 450 344 511 quidenr
360 451 390 495 ita
407 450 482 509 ducta,
496 454 520 495 ut
529 449 640 506 catholici,
656 449 736 509 quibus
753 446 810 494 fides
827 453 851 493 et
866 461 907 495 sa-

44 532 78 576 lus
96 532 209 577 ecclesiae
225 545 280 577 uere
299 530 362 577 cordi
380 535 422 586 est,
438 544 485 576 non
501 532 550 576 sine
567 530 650 576 acerbo
669 531 737 576 anirni
757 529 838 576 dolore
856 529 905 576 eius

46 613 210 669 recordentur,
241 613 307 658 niniis
322 617 399 657 noturn
416 617 457 669 est,
475 626 503 656 en
521 611 618 656 ecclesia
635 625 653 657 s.
670 611 766 657 Ursulae
781 609 907 656 nruttitudi-
931 614 933 616 ’

46 706 106 751 neni,
124 707 137 738 ο
154 694 237 753 pudor!
255 696 392 753 prorupisse,
410 693 541 753 quaefidenr
558 706 621 738 suain
636 699 765 753 expugnata
782 692 849 738 donno
861 705 906 752 pa-

45 775 142 828 roclri¹)
170 775 283 820 ecelesiae
300 775 436 832 cathedralis
454 787 534 821 sacrae
551 774 647 818 civitatis
665 773 807 819 Coloniensis
823 776 905 817 testate

47 859 89 912 est,
109 868 175 913 qrrae,
192 856 236 901 nisi
253 856 437 901 surorarnrorrnn
452 857 475 900 ui
491 867 610 915 repressus
629 859 697 911 esset,
715 853 744 898 ad
762 855 905 899 atrocissima

47 935 150 981 facinora
173 942 307 996 proruptura
327 937 417 982 fuisset!
450 936 567 981 Eiusrnodi
586 934 687 982 consiliis
706 934 800 981 nefariis
821 937 905 994 scripta

50 1017 162 1062 destinata
177 1023 250 1075 erant,
266 1031 325 1077 oriae
336 1019 381 1063 iarn
392 1018 415 1061 in
427 1017 527 1063 notitioni
542 1016 657 1061 horninnrn
667 1021 793 1062 venerunt:
811 1017 906 1075 epistota

45 1095 157 1141 alliciteti
173 1100 255 1157 scripta
265 1103 288 1142 et
296 1098 404 1157 deinceps
415 1097 444 1142 ad
453 1111 531 1143 ornnes
541 1098 655 1156 parochos
666 1097 786 1154 rnittenda;
804 1097 907 1143 eiusdem

45 1176 175 1222 dissertatio
193 1177 259 1223 orrrbo
273 1178 457 1236 percprinotores
473 1169 653 1234 Herrnesioni2).
697 1177 814 1223 Eiusnrodi
836 1178 906 1223 libelii

45 1258 256 1316 ignorniniosissirni
273 1262 338 1302 erant
353 1270 393 1315 pro
410 1256 495 1314 oretque
514 1257 662 1302 Clostrttnori
678 1257 736 1302 illius
755 1257 908 1303 Catholicisrni

46 1336 201 1392 Coloniensis3
225 1349 266 1394 per
280 1340 351 1380 totarn
365 1336 524 1394 provinciam,
545 1349 618 1395 usque
636 1338 659 1380 in
678 1336 753 1381 infirna
770 1338 906 1382 rusticorum

47 1416 136 1474 tuguria
155 1414 222 1464 delati
240 1419 307 1473 sunt,
333 1415 496 1474 explicationes
512 1428 539 1459 ac
555 1416 693 1461 variationes
710 1416 865 1475 addebantur,
883 1422 906 1462 et

45 1494 134 1554 urrigari
151 1495 334 1540 conlalndatione
350 1495 539 1539 rnernorabantur.
570 1522 599 1529 -
615 1524 644 1531 -
678 1494 771 1553 ,Neruae
788 1496 820 1540 od
835 1509 908 1542 sucro

46 1573 245 1619 Hetroboclriensio
261 1580 285 1619 to
299 1573 498 1633 per-eprtoooertst
514 1574 629 1632 apostolus
643 1575 733 1634 quidam
749 1589 824 1621 nouae
841 1576 908 1623 huius

47 1655 161 1700 ecclesiae
173 1656 267 1715 quaerit.
300 1655 324 1702 si
334 1654 483 1714 respondeas,
499 1668 558 1711 „oon
566 1654 739 1713 pereprinobor,
756 1656 845 1714 nepotio
857 1670 908 1702 ereo

47 1735 110 1781 leonici
126 1736 270 1793 coccedunt‘,
288 1736 362 1780 statirn
379 1734 495 1792 apostolus
509 1735 553 1779 iste
568 1735 650 1792 pergit,
667 1738 703 1791 „tu
719 1735 788 1792 ipttor
798 1749 844 1780 noo
855 1750 908 1781 cre-

49 1817 84 1861 dis
99 1818 124 1860 in
138 1818 233 1860 nacrtrena
256 1815 320 1871 dete
338 1819 405 1871 atque
417 1814 496 1871 paneis
513 1813 592 1857 diebus
608 1818 655 1858 tota
671 1814 751 1859 ciuitas
768 1820 860 1874 crepat,
885 1822 908 1862 te

48 1909 96 1943 non
113 1896 209 1942 eredere
223 1897 247 1941 in
263 1900 357 1941 rnutrenr
373 1894 410 1940 dei
421 1895 426 1940 t
439 1922 481 1946 ,—

98 1978 173 2022 'Haec
189 1977 283 2035 errrpiius
299 1976 413 2034 persequi,
430 1974 457 2019 ab
474 1974 539 2019 iurius
557 1975 690 2039 scriptionis
709 1978 826 2035 proposito
849 1977 908 2022 alie-

49 2071 103 2103 ntun
120 2062 161 2103 est.
194 2056 219 2102 ld
234 2062 311 2102 tarncn
328 2057 365 2101 uel
382 2069 411 2101 ex
428 2055 463 2101 iris
478 2057 556 2114 paucis
566 2055 642 2115 liquet,
661 2057 759 2104 sclrisnra
771 2057 909 2104 Coloniense

49 2140 116 2197 plane
133 2142 300 2197 praeparatum,
317 2142 384 2195 atque
398 2151 438 2193 ea,
451 2149 546 2195 qrrorunr
563 2149 605 2194 ope
625 2138 648 2181 in
663 2150 727 2182 usurn
744 2136 909 2195 traduceretur,

50 2222 216 2277 circumspecte
232 2230 260 2262 ac
277 2218 426 2277 sagacissime
447 2208 555 2276 disposita
589 2217 666 2263 luisse.
710 2219 806 2278 'ternpus
830 2220 908 2278 deluit,

52 2300 170 2359 quorninus
195 2303 322 2357 erunrperet
344 2304 367 2343 et
391 2298 491 2343 indolenr
507 2311 571 2343 suern
589 2312 618 2343 cx
639 2300 700 2345 onnri
715 2305 779 2359 parte
797 2299 907 2345 ostende-

51 2386 86 2426 ret
100 2383 127 2436 t).
255 2381 258 2385 ’

55 2498 235 2513 '‘ur-u...-

92 2580 111 2632 1)
128 2574 237 2615 Paroehnrn
252 2573 349 2630 ecelesiae
364 2571 486 2609 cathedralis
500 2571 623 2608 llerrnesirnn
641 2586 682 2610 non
696 2575 776 2612 audisse
786 2576 857 2626 'neque
868 2576 918 2627 ipsi

134 2648 254 2686 sonriliorenr
269 2644 330 2681 fuisse
347 2644 395 2679 satis
411 2648 483 2679 notnrn
497 2648 532 2678 est.
561 2645 587 2680 Ut
599 2656 646 2692 uero
662 2645 790 2693 intelligatur
804 2645 853 2696 quid
869 2645 910 2683 Co·

132 2720 200 2759 ioniae
215 2723 282 2755 aetum
297 2716 329 2761 sit,
343 2714 395 2751 haee
408 2712 491 2751 habeto.
521 2714 559 2765 Qui
569 2716 641 2753 studiis
656 2718 712 2755 hisce
723 2715 820 2754 touchant
835 2717 911 2767 quibus

135 2803 194 2829 saeva
210 2786 321 2825 multitudo
337 2786 436 2823 Coloniae
450 2785 546 2833 indulsit,
560 2776 632 2824 nuntio
647 2787 672 2825 (le
686 2787 775 2824 tumultu
792 2788 910 2825 Coloniensi

133 2861 216 2912 accepto
229 2860 360 2897 uehementer
373 2857 444 2894 laetati
458 2862 515 2902 sunt,
531 2857 670 2907 primumque,
685 2870 736 2894 nurn-
747 2860 827 2908 sangnis
840 2860 912 2911 profu-

134 2947 167 2972 sus
175 2934 208 2978 sit,
222 2933 377 2978 interrogarunt.
402 2916 528 2978 Quonegeto
538 2929 662 2968 contristari
675 2929 795 2979 coeperunnt!
823 2931 841 2967 Ο
855 2944 912 2980 egre-

133 3006 186 3055 giam
196 3003 314 3051 religionem
329 3012 381 3051 quae
396 2998 514 3049 sanguinein
530 2999 580 3044 sitit,
597 2999 654 3036 cuius
671 3001 758 3050 cultores
773 3007 869 3050 martyres
879 3002 913 3038 fa-

134 3078 190 3114 ciunt
203 3086 245 3111 non
258 3070 328 3109 fiunrt.

98 3149 120 3200 ἢ)
134 3146 193 3183 Conf.
209 3144 261 3181 liber
276 3142 300 3178 ab
317 3142 401 3191 irnperio
417 3141 547 3176 Borussornnr
558 3141 640 3177 nornine
653 3140 764 3195 Expositio
778 3147 815 3179 cet.
830 3143 912 3192 publice

139 3216 206 3253 editus
220 3228 240 3264 p.
256 3214 287 3251 372
302 3226 324 3249 ac
339 3212 443 3267 Personae
458 3219 477 3246 et
493 3211 562 3247 Status
578 3223 596 3259 p.
607 3209 637 3246 10.

98 3291 119 3343 3)
135 3289 182 3328 Non
196 3285 297 3324 continuit
311 3282 474 3333 archiepiscopus
496 3294 568 3317 nonani
586 3294 642 3318 suern
663 3280 711 3318 fidei
729 3281 837 3321 fornrularn
857 3284 911 3322 intra
