1979 3399
423 97 691 146 ---330--ί

87 237 221 285 excluditur.
253 237 307 282 Cum
320 236 368 283 vhoc
385 249 520 298 responsum
534 236 606 283 etiam
621 236 700 282 Latine
722 216 862 285 conversum
871 242 946 300 prod-

88 307 141 368 brit
166 324 190 364 et
211 318 290 364 Latina
310 319 478 379 interpretatio,
504 318 564 379 quod
585 319 624 363 rix
646 317 742 363 dubitari
759 322 842 377 polest,
858 321 881 365 in
896 337 946 369 ma-

85 399 151 446 nibus
170 400 349 446 innocentissimi
374 401 422 446 viri
434 406 523 447 versata
543 400 579 459 sit,
592 399 636 444 hac
646 400 669 444 in
680 408 745 446 rene
760 404 839 458 „natus
857 402 945 460 [pridem

86 480 237 527 Theodiscus“
265 482 353 527 veritati
376 494 428 527 sese
455 481 555 527 obiicere
572 494 666 541 eamque
683 480 755 557 opulis
772 472 873 527 Pannonii
890 483 946 527 snb-

83 560 173 608 trahere
189 563 273 621 potuit!
706 559 709 563 ”

143 640 345 701 Archiepiseopum
371 642 530 689 Coloniensem
554 644 577 688 in
603 642 704 689 thesibus
723 643 770 690 suis
793 643 862 703 hrirgc
886 643 944 689 ultra

83 722 156 769 Breve
173 736 319 785 progressum
336 738 403 782 esse,
425 738 492 785 supra
510 728 554 771 iam
569 725 725 770 indicavimus.
758 725 804 771 Sed
820 730 865 771 turn
882 725 943 785 quod

83 803 267 865 archiepiscopus
293 806 482 866 subscriptionem
507 806 585 852 harum
611 806 707 851 thesium
731 806 864 864 postulavit,
895 797 951 850 tarn

82 887 171 932 ratione
190 901 233 947 qua
247 889 376 948 postulavit,
391 888 460 949 longe
477 901 504 933 ea
522 889 570 933 iura
589 874 694 945 excessu,
710 901 768 947 (ptrue
785 887 806 931 ei
823 891 847 931 nt
862 888 943 956 singu·-

84 968 126 1013 lari
143 969 250 1029 episcopo
269 976 404 1031 competunt.
437 972 492 1017 Nam
503 971 522 1016 si
532 970 610 1017 liceret
625 972 733 1030 singulari
750 970 864 1028 episcopo,
882 968 942 1026 quod

83 1049 104 1094 is
120 1049 143 1094 in
159 1049 243 1096 haere
259 1051 302 1096 sibi
318 1054 425 1111 sumpsit,
452 1059 570 1113 antecprarn
587 1053 645 1097 dnae
662 1051 758 1097 hominis
775 1055 860 1097 aetates
876 1049 942 1094 efflu-

83 1130 178 1188 xissent,
194 1130 253 1177 idem
270 1132 331 1188 illud,
349 1147 392 1193 qno
410 1135 529 1194 peculiaris
541 1133 652 1179 eeclesiae
663 1130 788 1177 catholicae
800 1132 869 1177 uirtus
882 1145 941 1176 con-

85 1212 175 1269 tinetur,
192 1215 266 1260 unitas
279 1216 334 1271 eius,
350 1218 490 1272 nnnperctrn·
508 1218 530 1258 et
546 1213 688 1258 dilaberetur.
721 1200 770 1256 Hoc
781 1213 839 1257 adea
851 1225 880 1257 cx
893 1214 940 1271 ipsa

82 1293 117 1339 rei
132 1299 212 1339 natura
228 1294 314 1353 liquet,
337 1298 361 1339 nt
378 1293 473 1339 dubitari
489 1307 535 1339 non
552 1294 640 1352 possit,
657 1294 745 1338 etiamsi
760 1293 842 1338 nullum
860 1305 940 1338 exem-

83 1374 143 1435 phnn
159 1375 255 1420 historia
268 1374 426 1434 suppeditaret.
458 1373 571 1438 Sedwhaec
584 1374 830 1433 rpuoqucprofcremus,
847 1379 871 1420 ut
880 1374 940 1433 quod

81 1455 183 1501 volumus
209 1457 275 1501 citius
300 1455 417 1501 efficiatur.
455 1455 505 1501 Non
522 1468 593 1512 unns,
611 1455 653 1500 sed
668 1456 761 1514 grandis
783 1456 939 1515 episcoporum

82 1550 188 1583 numerus
210 1537 234 1583 in
258 1537 354 1582 concilio
372 1537 478 1582 Remensi
496 1551 515 1582 a.
535 1534 596 1583 lule
612 1536 656 1582 sibi
672 1540 827 1595 sumpserant,
848 1542 872 1582 ut
887 1538 941 1584 fidei

78 1618 248 1677 professionem
264 1618 374 1663 adversus
389 1618 471 1676 placita
488 1617 729 1677 catacumbarum,
746 1618 846 1676 episcopi
865 1619 957 1664 Piae--
987 1664 989 1667 .

81 1699 169 1745 viensis
179 1693 202 1744 et
210 1698 311 1759 theologi
321 1698 460 1746 subtilissimi
467 1704 627 1759 proponerent.
645 1698 702 1752 Quid
714 1698 859 1743 factumest?
877 1699 939 1759 „Hoc
971 1688 973 1690 ¹

81 1779 213 1825 Gallicanae
235 1778 344 1825 ecclesiae
366 1781 452 1839 factuam
474 1783 519 1824 tam
533 1779 637 1837 praviter
650 1791 718 1822 sacer
734 1777 883 1823 cardinalium
900 1794 939 1824 se-

80 1864 148 1904 uatus
166 1860 269 1918 acecpit,
291 1864 316 1902 ut
337 1873 386 1904 curu
400 1872 483 1918 mapula
498 1858 577 1905 erueretis
592 1858 743 1917 iudipuatu'ouc
761 1859 847 1903 curium
863 1860 938 1906 frutra-

81 1944 117 1984 ret
132 1954 161 1985 uc
176 1945 283 1998 tauquam
298 1954 367 1984 rruuru
387 1953 471 1998 corpus
494 1937 577 1998 effecti,
599 1953 646 1983 uuu
668 1952 744 1983 occurres
766 1952 823 1984 cuce
838 1943 938 1999 pontifici

80 2034 122 2067 sno
135 2021 248 2067 dicerent:
270 2022 332 2067 Scire
349 2021 419 2066 debes
434 2020 497 2080 -qnod
515 2035 527 2066 a
543 2021 617 2078 nohis,
633 2035 675 2080 per
691 2034 747 2081 qnos
763 2024 868 2078 tanquam
884 2036 938 2067 car-

81 2100 167 2146 dinales
183 2100 314 2145 unisersalis
332 2100 444 2146 ecclesiae
460 2099 557 2145 volvitur
572 2100 629 2157 axis,
649 2099 677 2144 ad
693 2102 795 2159 regimen
811 2102 878 2147 totius
896 2117 937 2148 ec-.

81 2180 166 2225 clesiae
183 2185 307 2239 promotus,
323 2194 336 2225 a
352 2181 438 2240 privato
454 2180 587 2225 uniuersalis
603 2186 668 2240 pater
687 2180 793 2240 effectus,
809 2184 853 2228 iam
872 2184 938 2228 dein-

84 2275 137 2320 ceps
161 2266 184 2306 te
202 2273 248 2305 non
273 2266 332 2305 tunm
349 2261 390 2306 sed
408 2266 509 2306 nostrum
526 2274 578 2305 esse
594 2263 668 2319 potius
686 2267 791 2321 oportere
814 2291 844 2298 -
861 2291 892 2299 -
906 2293 937 2300 -
976 2303 977 2306 ,

80 2344 242 2411 Romanaeque
256 2343 332 2387 curiae
351 2342 438 2405 culmen
456 2356 485 2387 ex
500 2341 568 2387 officii
584 2343 615 2387 tui
631 2343 799 2388 necessitudine
816 2358 896 2390 curare
915 2351 938 2390 et

83 2423 207 2467 ohservare
225 2423 316 2466 debere:
348 2422 393 2466 Sed
411 2422 462 2480 qnid
481 2422 535 2466 fecit
549 2421 627 2466 Abdus
644 2422 695 2466 fucus
713 2430 743 2479 (s.
759 2425 898 2483 Bernardns]
915 2431 937 2470 et

81 2516 131 2548 curu
147 2515 173 2546 eo
185 2502 303 2546 Gallicana
321 2500 437 2544 ccclesia?
461 2499 512 2553 Qua
527 2502 608 2560 parate,
625 2514 668 2558 prro
678 2517 736 2546 uersu
753 2504 862 2561 ceruicem
879 2521 936 2552 cuu-

79 2588 118 2628 tra
133 2583 250 2629 Romanae
271 2581 332 2626 sedis
346 2581 469 2639 prioratum
491 2585 513 2624 et
531 2580 618 2638 apicem
633 2584 719 2628 creuit!
743 2572 858 2640 eromoelo
882 2601 935 2645 erpo

78 2663 250 2708 arteriasue
264 2662 397 2720 praeseutia
412 2675 527 2719 acccipere
543 2663 632 2721 cheraeae,
649 2666 708 2722 paracl
723 2667 789 2711 etiam
806 2667 935 2711 renuatiari-

79 2744 121 2788 hus
138 2749 160 2788 et
174 2742 298 2788 maioribus
315 2742 380 2787 trabis
395 2756 440 2787 uou
457 2742 530 2786 licet?
557 2742 660 2789 Volumus
677 2746 745 2804 mitari·
765 2747 817 2791 Inue
837 2751 882 2791 taccu
900 2752 936 2790 t-

78 2823 193 2869 mcruriue
209 2823 304 2867 caecitati
325 2823 427 2868 celeriter
448 2834 570 2879 assuerum,
594 2825 696 2881 ipsorrun
713 2823 875 2871 contumacium
888 2841 935 2884 pcr-

79 2904 129 2949 nire
144 2917 190 2948 uara
208 2901 321 2962 (differas.a
357 2903 432 2947 Verba
455 2901 543 2946 Ottonis
563 2903 713 2963 frisingensis
737 2920 771 2965 ap.
790 2908 861 2953 Nartal.
878 2909 935 2952 Alc-

80 2985 158 3029 xandr.
174 2985 197 3028 in
212 2985 267 3029 Hist.
284 2983 416 3036 Ecclesiast.
436 2984 497 3027 Toni.
516 2982 552 3026 pp
568 2998 588 3041 p.
606 2984 659 3029 butt.

142 3066 198 3111 Num
214 3067 282 3126 igitur
301 3067 360 3125 qnod
377 3067 464 3110 cunctis
480 3064 527 3108 lere
539 3065 724 3112 Franco-Galliae
741 3068 853 3130 episeopis
872 3066 933 3112 lmud

80 3145 156 3202 licuit,
181 3146 204 3190 id
229 3147 271 3192 soli
295 3147 466 3206 archiepiscopo
485 3144 621 3205 Coloniensi
637 3148 725 3206 licebit,
743 3149 765 3193 ei
780 3149 856 3194 licebit
873 3148 933 3204 illud,

80 3226 140 3287 qirod
163 3227 211 3286 ipse
234 3240 330 3272 sumnus
353 3227 453 3286 pontifex
469 3226 582 3271 Rornanus
598 3227 726 3274 coirccdere
748 3230 768 3274 ci
789 3233 934 3289 lacopessel,
