1979 3399
425 75 611 128 ..54-

85 218 267 265 animadversum
284 217 318 263 iri.
332 246 334 254 ·
350 215 429 262 Breuis
447 214 537 273 quidem
552 217 601 259 erat
617 212 778 273 reprehensio,
791 215 892 268 seditem
909 227 947 259 se-

86 311 144 344 vera
159 302 182 343 et
199 299 274 354 acris,
289 301 312 342 ut
328 294 429 354 plerique
447 294 553 340 acerbam
571 306 674 353 poenam·
685 294 823 341 maluissent.
855 297 880 341 ln
895 296 948 340 uni-

87 393 178 425 versum
194 370 332 437 magnopere
348 389 399 421 euin
414 376 551 423 uerebantur
567 374 678 434 discipuli,
694 380 718 421 at
734 375 799 422 simul
809 376 887 422 intime
897 390 949 421 eum

88 460 206 515 attrabant3
223 471 274 502 nam
289 457 325 514 iis,
343 456 381 516 qui
393 457 512 517 diligentes
529 460 551 503 et
567 455 633 515 probi
649 461 720 516 erant,
736 456 878 501 verissimum
889 457 950 501 Her-

88 540 173 585 mosius
187 538 284 583 amicum
301 550 327 583 se
344 537 489 596 praestabat,
506 550 549 597 qua
567 537 657 596 quidem
672 538 696 582 in
712 550 738 582 re
752 537 870 595 plurimum
881 537 950 582 valuit

87 621 180 667 mirifica
200 620 311 679 quaedam
328 633 390 678 cura,
410 633 454 679 quo
468 620 616 664 omnesvitae
629 631 703 677 casus,
722 620 809 664 etiamsi
825 618 874 664 aliis
892 612 950 663 con-

87 703 196 762 tigerant,
212 715 283 761 usque
302 701 331 746 ad
347 706 442 746 mortem
453 701 567 759 ⁴prosequi
585 699 679 745 solebat.
712 700 816 745 Ceterum
835 705 857 744 et
873 699 897 744 in
913 699 951 744 di-

91 784 183 843 scipulis
195 781 341 828 moderandis
357 767 380 826 et
396 783 418 827 in
434 795 509 827 rerum
524 781 659 844 tractatione
677 774 814 838 sequebatur
830 781 950 837 rationem,

88 868 132 909 tam
155 869 242 908 mature
262 876 398 922 perpensam
415 867 438 908 et
456 876 497 922 per
522 862 596 908 omnia
617 860 791 919 cohaerentem,
816 866 840 906 ut
860 861 951 918 nullum,

87 957 158 1003 prope
176 945 285 1002 dixerim,
301 944 394 989 verbum
409 944 539 1002 proferret,
560 943 642 988 nullum
659 941 754 1002 gradum
772 941 870 998 laceret,
887 943 951 986 cuius

88 1026 200 1069 rationem
217 1024 315 1070 reddere
331 1038 379 1069 non
397 1028 489 1083 posset,
515 1028 538 1068 ut
554 1028 601 1069 tota
617 1010 665 1068 eius
686 1023 709 1068 in
726 1015 844 1083 gymnasio
860 1022 952 1067 institu—

91 1106 122 1149 tio
139 1109 252 1162 tamquam
274 1105 397 1163 exemplum
420 1109 481 1150 esset
503 1117 532 1149 cx
555 1105 622 1149 aniuii
638 1103 728 1149 luunani
750 1104 838 1163 legibus
859 1103 951 1163 perlec-
980 1107 983 1110 ’

86 1185 200 1230 >tissimum
223 1183 245 1228 ei
260 1186 284 1229 in
303 1185 406 1229 omnibus
423 1184 519 1229 maxime
542 1188 740 1229 conseirtaneurn.<‘
833 1168 835 1171 ’

153 1263 215 1308 Idem
238 1263 282 1309 boc
309 1266 407 1309 sentiunt
432 1277 528 1321 onrnes,
558 1265 595 1323 qui
612 1264 640 1308 ab
659 1263 776 1307 Hermesio
794 1263 817 1308 in
833 1262 951 1323 gymnasio

91 1343 186 1387 instituti
202 1348 260 1388 sunt.
293 1343 410 1402 Nunquam
435 1348 480 1389 tota
506 1344 626 1389 Germania
650 1343 760 1389 aduersus
786 1344 834 1388 eius
851 1329 952 1401 discipli-

89 1435 141 1467 nam
160 1424 183 1466 in
196 1416 315 1481 gyrrrrrasio
332 1422 436 1466 traditam
451 1422 598 1482 reprehensio
616 1424 706 1480 exsiliit,
724 1436 836 1482 uunquam
854 1423 952 1468 auditum

91 1509 134 1560 est,
150 1495 210 1548 illum
227 1503 347 1562 quidquam
364 1503 488 1563 peccasse,
504 1506 553 1549 sire
570 1517 608 1550 res
625 1505 686 1563 ipsas
704 1504 732 1548 ab
750 1517 778 1549 eo
793 1502 889 1551 traditas
902 1504 951 1549 sive

91 1584 203 1628 rationem
221 1584 319 1629 docendi
335 1587 519 1643 spectaverimus,
534 1597 648 1644 nunquam
665 1585 764 1630 auditum
780 1589 821 1643 est,
835 1586 954 1644 opiniones

94 1664 175 1722 impias
199 1663 227 1708 ab
248 1676 276 1708 eo
296 1663 454 1708 disseminatas
472 1676 532 1709 esse.
564 1664 594 1709 At
610 1677 666 1709 uero
682 1678 756 1722 nuno,
773 1666 838 1709 amris
854 1663 954 1722 quadra-

94 1743 157 1801 ginta
172 1748 224 1802 post
239 1756 305 1803 quam
318 1729 450 1801 Hennesius
468 1743 498 1788 ad
513 1743 567 1788 illud
583 1757 663 1788 munus
678 1746 803 1790 accersitus
819 1750 862 1802 est,
879 1743 953 1788 subito

93 1824 213 1870 Porronius
231 1825 337 1881 exoritur„
355 1829 377 1869 et
394 1824 418 1868 in
434 1824 584 1882 turpissimam
601 1825 752 1882 suspicionem
768 1824 826 1870 illius
843 1825 885 1870 viri
902 1836 954 1871 rno-

95 1918 134 1949 rcs
153 1904 251 1949 adducit.
285 1905 371 1963 Quippe
389 1903 560 1962 scribitz'glali
576 1917 651 1949 rerum
668 1902 747 1962 slatu,“
761 1905 787 1949 n.
805 1918 825 1949 e.
841 1918 869 1949 eo
887 1906 954 1950 animi

94 1984 180 2041 babitu,
196 1997 239 2042 quo
256 1984 387 2029 Hennesius
404 1976 538 2029 dubitaverit
550 1984 578 2029 de
590 1985 633 2030 Dei
648 1986 800 2043 exsistentia,“
817 1984 954 2044 professor1s

95 2077 175 2109 munus
201 2077 261 2109 anno
285 2063 346 2109 1798
373 2065 395 2109 ei
416 2065 441 2109 in
464 2066 583 2124 gymnasio
606 2065 780 2111 blonasteriensi
797 2065 955 2110 demandatum

94 2149 167 2189 asael

158 2223 213 2276 Quris
228 2237 276 2268 non
293 2225 408 2284 intelligit,
424 2225 555 2270 Perronium
572 2225 595 2270 id
615 2238 684 2284 agere
703 2224 747 2270 boe
764 2225 825 2281 loco,
842 2229 865 2269 ut
882 2223 955 2282 suspi.

97 2302 187 2359 cemur,¹
199 2301 339 2348 Hennesium
354 2309 459 2361 tanquam
474 2304 626 2348 simulatorem
640 2305 669 2348 ad
684 2305 707 2347 id
725 2287 803 2349 munus
819 2306 954 2360 accessisse,

98 2384 137 2426 aut
154 2380 270 2425 dubitandi
283 2380 404 2426 'libidinem
426 2384 450 2425 iu
473 2383 552 2425 animis
576 2382 735 2443 discipulorum
753 2384 879 2441 excitasse,
899 2386 955 2429 reli-

98 2461 191 2519 gionem
209 2461 232 2504 in
247 2461 328 2505 iisdem
343 2460 514 2505 labefactasse?
540 2461 565 2505 In
580 2463 667 2505 recenti
687 2464 795 2508 memoria
812 2469 861 2522 est,
883 2478 957 2524 quan-
978 2459 988 2473 ⁹

99 2544 177 2597 tepere
199 2544 260 2596 tunc,
286 2551 337 2584 cum
356 2542 486 2586 llermcsius
503 2543 525 2587 in
548 2544 665 2602 gyrnnasio
682 2540 855 2591 blonasterie‘nsi
873 2546 957 2591 docere

98 2619 217 2678 inciperet,
234 2619 315 2680 religio
334 2633 375 2679 per
393 2620 486 2666 Galliam
502 2622 590 2680 publice
607 2624 746 2668 contumeliis
762 2630 883 2684 peteretur,
900 2638 957 2685 pro-

99 2701 246 2758 scriberetur,
263 2706 408 2761 quantopere
419 2702 591 2749 defeetus'ddei
609 2718 638 2750 ex
654 2705 722 2751 Gallia
739 2707 805 2751 etiarn
816 2707 957 2752 Germaniam

99 2782 242 2841 pervaderet.
275 2782 308 2827 Ea
324 2788 412 2840 mente,
432 2782 489 2828 sicut
503 2782 580 2829 hostes
597 2785 728 2845 religionis,
746 2782 815 2831 etiam
827 2785 956 2832 Hennesius

101 2861 125 2906 in
143 2862 263 2922 gymnasio
286 2862 393 2908 docuisse
409 2862 528 2908 videbitur.
560 2864 588 2909 Ut
607 2864 659 2910 huic
674 2866 796 2925 suspicioni
812 2879 825 2909 a
841 2878 867 2910 se
882 2871 957 2910 motae

103 2941 176 2987 lacem
197 2944 417 3001 addatPe1·1·onius,
441 2944 535 3001 copiose
558 2946 623 2992 nobis
643 2952 733 3004 narrat,
751 2957 794 3005 qua
809 2948 957 2992 veneratione

101 3021 204 3068 liantium
220 3025 349 3071 Hennesius
365 3027 499 3086 prosecutus
513 3025 556 3081 sit,
580 3027 692 3085 quomedo
709 3026 817 3073 Ficbtium
833 3027 855 3072 in
871 3028 957 3073 caelum

103 3100 207 3148 laudibus
223 3104 333 3166 extulerit,
351 3108 435 3168 scripta
451 3106 501 3152 eius
518 3108 720 3166 commendaverit,
733 3120 835 3167 quaeque
851 3107 898 3154 eius
914 3120 958 3169 gu

102 3183 165 3229 ueris
179 3187 231 3229 siud
248 3185 298 3230 alia.
