1979 3399
407 69 662 154 ..was-⁴⁴

77 257 141 300 vera,
157 243 287 302 theologiae
303 240 391 300 [paridem
409 239 497 283 ratione
512 237 601 293 habita,
622 236 788 282 rationalismus
806 250 819 281 a
843 239 936 280 natura=

77 326 143 371 lismo
159 325 253 370 dillcrt?
290 323 409 380 Utriusque
424 321 505 380 placita
522 320 550 365 ad
569 319 627 363 idem
644 318 747 363 redeunt.
785 320 819 363 De
831 317 935 363 diversis

78 405 197 461 methodis,
215 404 294 462 quibus
310 406 401 447 utuntur
419 402 447 447 ad
462 401 528 446 sidem
548 400 668 458 positivam
685 398 833 443 Christianam
849 399 937 443 exstin-

79 486 199 547 guendam,
218 484 394 542 opprimendam,
412 485 435 529 in
452 484 557 529 miseram
576 480 688 541 aptandam
706 479 871 541 philosophiam
888 481 937 525 dis-

80 566 220 622 solvendam,
237 564 340 609 nolumus
356 564 419 624 plura
437 565 534 610 dicere«
885 573 887 575 ’

140 647 189 692 lloc
214 647 266 692 loco
292 647 405 692 Hermesii
426 647 510 692 mentio
534 646 641 707 facienda
663 650 728 700 erat,
744 643 763 687 si
778 640 893 700 Zicglerus
911 652 936 683 re

78 740 133 773 vera
150 728 211 773 idem
229 741 288 774 anno
307 729 367 774 1823
386 728 414 774 de
429 729 546 774 Hermesio
562 728 680 791 sensisset,
696 725 756 785 quod
772 724 837 769 huius
854 721 938 766 inimici

79 808 107 853 de
122 822 150 854 eo
162 810 267 855 sentiunt.
291 810 377 869 Quippe
391 810 428 855 isti
442 811 532 866 iactant,
545 793 685 853 llermcsium
695 820 750 865 prae
761 805 843 851 ceteris
859 804 937 857 fulsse,

80 889 117 948 qui
133 902 161 932 eo
180 890 335 946 contenderit,
358 894 381 934 ut
399 889 465 933 sideni
481 889 599 946 positivam
617 887 764 931 Cluistianam
784 884 939 939 labefactaret,

81 971 225 1029 opprimeret,
244 971 267 1015 in
283 971 387 1015 miseram
405 968 516 1027 quandam
528 967 691 1027 philosophiam
708 965 850 1011 dissolveret.

144 1052 189 1097 Sed
202 1051 246 1096 illic
264 1064 313 1095 cum
326 1050 465 1096 llermesiurn
483 1062 528 1095 non
543 1048 745 1108 deprehendamus,
762 1049 827 1092 aliam
845 1047 867 1092 in
885 1060 939 1105 par-

84 1135 129 1175 tem
148 1131 227 1175 oeulos
244 1137 334 1177 nostros
351 1137 517 1186 convertamus,
532 1145 584 1175 nuni
608 1130 666 1174 sorte
689 1130 747 1173 inter
762 1129 817 1173 alios
834 1127 940 1171 meliores

82 1212 159 1255 socios
183 1213 328 1270 quantiam
350 1211 392 1256 hos
414 1211 564 1256 rationalistas
578 1214 707 1254 versantem
724 1222 774 1253 eum
792 1204 938 1253 inveniamus.

83 1290 198 1349 Zieglerus
216 1290 316 1334 scribere
333 1291 420 1349 pergit:
669 1295 671 1299 '

142 1369 201 1426 „Sed
227 1369 287 1426 [pirod
306 1370 384 1413 attinet
407 1370 436 1414 ad
454 1381 494 1413 eos
506 1369 626 1428 theologos
643 1368 802 1426 rationalistas,
819 1368 856 1427 qui
873 1367 940 1413 sidem

79 1448 226 1493 Christianam
245 1454 266 1493 ut
285 1448 383 1492 divinam
406 1447 567 1492 revelationem
591 1453 733 1507 agnoverunt
755 1452 777 1492 et
798 1448 941 1507 philosophia

80 1532 186 1582 utuntur,
208 1527 297 1573 utheri
323 1533 345 1573 et
367 1542 436 1587 posse
458 1533 480 1572 et
497 1527 579 1572 factam
596 1541 648 1572 esse
665 1528 763 1573 divinam
778 1529 941 1573 revelationem

79 1607 216 1666 ostendant,
239 1614 263 1653 ut
282 1609 397 1666 doceant,
422 1613 561 1666 quantopere
578 1606 733 1666 philosophiae
757 1608 839 1653 auxilio
862 1614 941 1653 nostra

79 1688 122 1732 Dei
139 1689 240 1747 cognitio
266 1694 289 1733 et
307 1687 390 1733 lumine
409 1689 531 1733 illustretur
547 1693 569 1733 et
591 1689 676 1733 suvnior
691 1688 741 1744 fiat3
765 1690 801 1747 qui
819 1688 942 1732 revelatio-

80 1781 132 1811 nem
150 1767 248 1812 dilucide
271 1773 386 1825 exponunt
407 1772 429 1811 et
452 1769 569 1813 scientiam
590 1780 653 1812 suam
669 1766 813 1812 hindarnento
830 1768 941 1814 historico

82 1852 252 1906 super-struunt,
273 1848 342 1893 veluti
368 1862 417 1893 cum
440 1848 511 1893 sobrii
534 1847 661 1906 philosophi
685 1847 801 1906 physicam
825 1862 888 1894 suam
912 1862 942 1893 ex

80 1928 265 1987 perceptionibus
289 1930 401 1987 empiricis
425 1932 530 1973 accurate
556 1928 652 1985 docent,
669 1927 779 1973 eiusmodi
796 1928 886 1973 sobrios
902 1942 943 1972 ra-

83 2008 210 2058 tionalistas
227 2009 316 2053 salvere
338 2010 409 2053 arnice
432 2008 546 2064 iubemus;
574 2008 651 2065 parales
673 2012 724 2053 sunt
749 2007 818 2052 divini
841 2007 943 2067 magistri

83 2088 218 2147 Aeschinis,
236 2089 331 2133 Thomas
347 2088 463 2146 Aquinas,
480 2089 551 2147 qualis
569 2089 654 2133 nostris
672 2077 750 2132 diebus
766 2087 806 2132 lid.
826 2086 943 2142 Selicoara,

87 2169 120 2215 Ur.
130 2169 255 2228 Pectinper,
271 2168 331 2213 illac.
341 2169 478 2228 Dobnaupcr,
495 2168 531 2213 Fr.
544 2167 665 2223 Obertbiir,
684 2170 709 2213 G.
722 2167 816 2213 Hermes
827 2167 945 2213 lllooastc-

85 2251 188 2296 ricensa
206 2250 286 2307 Viden,
296 2252 319 2295 in
330 2264 395 2310 qiram
405 2252 537 2296 societ-atem
547 2251 662 2310 Zieglerus
670 2251 809 2304 Hermesium
818 2249 943 2294 induxerit!

87 2332 110 2375 in
126 2332 258 2393 spoletatem
267 2330 374 2389 theologo
385 2330 496 2375 carnonco
508 2331 605 2376 omnium
620 2331 813 2375 honestissimam!
829 2331 884 2377 Nam
896 2333 945 2389 quis

87 2409 207 2468 theologus
219 2410 344 2454 catholicus
352 2410 433 2453 honori
443 2410 541 2455 sibinen
551 2410 647 2467 duxerit,
657 2411 679 2453 in
690 2410 785 2456 eundem
796 2424 886 2456 censum
895 2426 945 2457 eum

91 2502 109 2533 s.
118 2488 234 2541 Arzsclnao,
246 2501 296 2532 eum
311 2501 329 2531 s.
340 2487 424 2531 Thoana
432 2487 544 2544 Aquinate
554 2489 648 2533 venire?
665 2489 739 2548 Atque
749 2490 864 2550 Zieglerus
872 2493 895 2536 in
903 2492 946 2537 hac

90 2569 201 2614 societate
209 2568 349 2613 Hermesium
360 2566 448 2612 salvere
460 2572 603 2624 peramanter
611 2569 678 2626 iubet,
690 2583 755 2628 quam
765 2571 856 2617 salutem
867 2587 946 2619 omnes

89 2650 232 2696 Hennesiani
245 2650 317 2710 >etiarn
334 2648 356 2692 in
372 2652 487 2693 auctorem
499 2647 664 2695 humanissimis
682 2651 757 2696 verbis
776 2652 890 2698 referent!

150 2731 226 2777 Hosce
250 2729 354 2775 homines
376 2728 441 2774 nullis
458 2730 601 2787 praeiudiciis
619 2737 741 2790 occupatos
757 2733 844 2790 fuisse,
863 2735 947 2781 nemini

92 2812 182 2859 dubium
199 2811 319 2856 videbitur.
361 2809 472 2855 Herrncsii
496 2822 614 2867 personam
636 2813 696 2858 nulla
719 2813 882 2859 consuetudine
903 2828 949 2861 un-

93 2905 158 2952 quam
175 2892 309 2950 attigerunt,
331 2903 405 2949 neque
421 2888 517 2933 studium
539 2903 612 2950 neque
631 2893 718 2939 animus
738 2893 825 2939 alienus
842 2895 948 2940 iudicium

94 2987 171 3018 eorum
189 2971 333 3018 conformare
356 2971 393 3015 vel
418 2969 509 3014 allicere
530 2973 607 3029 potuit.
640 2973 717 3032 ltaque
736 2973 781 3018 hoc
806 2979 891 3020 certum
908 2979 950 3031 est,

95 3066 135 3098 eos
152 3054 174 3098 in
196 3053 307 3099 Hermesii
331 3051 438 3111 operibus
463 3063 537 3109 neque
560 3053 687 3099 methodum
704 3054 858 3112 improbasse,
875 3068 950 3114 neque

98 3147 158 3178 nova
173 3148 230 3193 quae
253 3133 380 3194 periculosa
398 3136 475 3178 essent
494 3131 516 3175 in
533 3133 560 3177 iis
576 3134 761 3193 deprehendisse.
795 3129 881 3190 Quodsi
893 3139 950 3183 Per-

98 3216 177 3263 ronius
191 3214 250 3269 dicit,
264 3214 405 3261 Hermesiurn
420 3213 449 3259 ob
462 3224 543 3257 causas
555 3226 568 3258 a
578 3226 603 3259 se
619 3214 696 3261 allatas
712 3215 786 3262 rrairltis
802 3217 950 3279 displicuisse,
