1979 3399
431 86 619 135 ...Sssa

95 225 155 270 solet
171 239 213 285 pro
230 227 323 287 ingenio
341 227 396 281 eius,
415 225 452 284 apri
470 229 555 270 certam
571 227 683 286 quarrdam
700 227 841 288 disciplinam
857 230 959 273 tracian-

94 307 146 353 dam
163 310 262 368 suscipit,
281 321 321 367 pro
338 306 420 350 mentis
439 305 582 352 facttltatibus
603 314 625 353 et
641 309 719 354 usibus
735 310 783 353 sire
799 310 958 369 discipulorum

94 390 142 435 sive
158 390 282 447 lectorum,
308 401 349 448 pro
365 389 481 448 praesenti
506 389 606 435 culturae
629 394 688 434 statu
705 393 727 434 et
742 390 846 448 ratione,
874 395 897 435 et
915 403 957 450 pro

93 471 201 528 ternporis
218 470 393 515 corrditionibus.
435 469 502 529 Apud
526 485 576 516 enm
591 470 711 530 populum,
735 471 758 515 in
780 484 824 530 quo
850 485 957 531 magnum

93 551 173 596 artium
192 554 214 596 et
238 550 406 610 disciplinarum
425 543 521 598 studium
544 552 568 598 in
584 553 665 613 nigore
680 559 729 610 est,
752 553 825 612 magis
840 553 957 612 magisque

93 632 172 692 augeri
189 631 248 677 solet
265 631 424 678 methodorum
446 634 559 691 varietas3
585 636 623 694 (pri
639 636 775 693 paraestantis
793 634 894 697 ingenii,
920 635 958 693 qrri

93 713 210 773 cogitandi
225 713 346 762 subtilitate
364 715 439 759 enimii
457 719 515 772 stud,
532 727 605 759 noras
621 728 710 775 semper
723 716 772 761 uias
789 715 832 760 sibi
846 715 957 774 aperiunt,

94 796 208 851 stratio,
236 808 294 853 qliae
309 797 408 854 ipsorum
426 797 517 855 propria
534 802 568 841 est
585 797 609 841 in
626 796 769 841 inveniendis
790 795 958 855 iungendisque

92 874 167 932 ideis,
193 888 295 935 quaeque
313 877 398 934 elficit,
421 882 445 921 ut
463 878 526 936 ipsae
542 878 607 922 ideae
628 889 675 921 nen
698 877 788 922 aliunde
812 878 958 936 depromptae

93 955 136 999 sed
155 968 184 1000 ex
200 957 291 1014 proprio
317 957 385 1000 ltrrrdo
404 956 521 1015 proiectae
544 958 677 1015 rideantur,
704 957 958 1016 exernplumpraebere

96 1036 155 1081 solet
171 1036 219 1082 sine
235 1037 316 1082 maiori
333 1038 382 1082 sive
399 1039 481 1083 nrirrori
496 1038 554 1096 parti
572 1038 619 1085 eius
632 1027 715 1098 gentis,
734 1051 791 1097 qttae
808 1039 882 1085 insui
900 1039 959 1086 cultu

97 1122 208 1175 oectrpata
226 1122 267 1162 est.
308 1116 380 1162 Etiam
397 1116 512 1177 theologia
529 1118 655 1165 Claristiana
671 1132 713 1178 per
729 1119 791 1164 varia
807 1118 898 1165 saecula
922 1120 960 1165 di-

96 1186 177 1245 rersas
194 1199 314 1244 rnetlrndos
332 1204 424 1259 experta
444 1205 484 1245 est.
511 1199 562 1246 Alia
578 1200 685 1247 methodo
702 1205 793 1247 utuntur
809 1204 885 1259 patres
902 1213 960 1259 apu-

98 1282 187 1338 stolici,
206 1282 249 1325 alia
267 1285 342 1339 patres
360 1286 382 1325 et
399 1282 522 1340 scriptores
540 1280 691 1326 ecclesiastici
707 1281 864 1337 Alexandrina
881 1280 907 1326 ab
925 1281 960 1327 his

22 1419 24 1423 Ι
96 1376 188 1419 rursus,
212 1369 316 1421 qtrarrtum
333 1364 422 1421 quidem
440 1364 468 1408 ad
488 1363 617 1409 methodum
634 1366 723 1419 attinet,
745 1362 814 1422 longe
831 1362 961 1421 discrepant

94 1441 217 1488 Africanae
235 1442 380 1488 othomensis
399 1441 512 1487 ecclesiae
529 1444 653 1502 scriptores
671 1455 698 1487 ac
714 1447 797 1502 patres.
829 1442 864 1487 Ab
885 1444 960 1486 onmi-

94 1523 137 1567 bus
153 1522 279 1580 methodis,
296 1510 353 1580 qtras
369 1522 442 1567 adhuc
457 1525 646 1580 nrmnoravimus,
664 1524 754 1568 diversa
772 1528 821 1568 crat
836 1535 894 1581 {puae
909 1535 960 1567 me-

96 1602 146 1649 diae
171 1603 249 1649 aetatis
272 1603 350 1662 primis
371 1603 508 1662 tentatoribus
533 1603 642 1661 obtinuit,
667 1603 694 1648 ab
719 1602 762 1648 hac
785 1602 833 1661 ipsa
856 1602 961 1648 discessit

95 1683 288 1729 scholasticorum
303 1683 436 1741 methodus,
459 1699 471 1729 a
491 1684 682 1729 Scholasticorum
696 1695 774 1728 rursus
790 1682 842 1727 illae
859 1683 961 1728 methodi

98 1763 216 1820 differunt,
237 1776 292 1822 quas
309 1763 377 1808 hodie
394 1766 437 1808 iam
455 1764 558 1809 adhiberi
575 1764 684 1810 uidemus.
717 1763 752 1808 De
767 1763 839 1822 pretio
856 1762 891 1807 his
908 1746 961 1807 me-

96 1843 173 1888 thodis
191 1848 228 1888 aut
243 1844 363 1888 tribuendo
380 1849 418 1888 aut
435 1843 566 1902 derogando
586 1843 647 1889 docti
666 1843 768 1903 theologi
783 1842 886 1888 charitibus
901 1848 961 1888 tem-
986 1849 988 1855 ’

97 1923 190 1982 poribus
207 1924 370 1981 dissenserunt,
387 1924 428 1968 sed
444 1924 504 1968 nrdla
521 1936 721 1982 eanrmunquam,
737 1924 854 1982 (parabulis,
872 1923 900 1968 ab
918 1937 959 1969 ec-

99 2005 169 2049 clesia
187 2004 291 2050 damnata
308 2010 350 2050 est.
382 2005 469 2050 Futuris
488 2018 582 2071 guoque
606 2004 743 2063 temporibus
764 2017 791 2049 ea
815 2005 843 2049 de
858 2018 884 2050 re
901 2017 959 2050 con-

96 2087 211 2131 tentiones
229 2091 307 2142 erunt,
331 2089 354 2130 et
369 2091 434 2130 erunt
455 2085 558 2145 quidem,
583 2084 656 2131 dorree
677 2084 780 2129 hornines
800 2085 959 2144 intellexerint,

96 2167 179 2212 ntdlam
194 2167 324 2212 methodum
342 2166 370 2211 ab
387 2168 448 2212 omni
463 2173 527 2226 parte
544 2166 669 2227 perlectam
686 2179 752 2223 esse,
777 2171 800 2210 et
823 2166 897 2211 donec
912 2179 961 2211 non

99 2248 233 2306 contigerit,
254 2254 293 2307 ut,
315 2262 370 2308 quas
387 2249 493 2294 utilitates
512 2254 535 2293 et
552 2248 634 2294 tlanrna
652 2259 799 2308 [praecunque
815 2251 861 2291 tum
876 2259 917 2304 per
934 2258 960 2291 se

97 2333 144 2373 tum
159 2330 184 2373 in
199 2328 292 2388 singulis
309 2331 383 2374 causis
400 2331 491 2387 all'erat,
509 2334 615 2374 aestuate
632 2328 770 2371 definiamus.
802 2327 901 2372 hlethodi
915 2328 961 2374 So-

99 2408 213 2464 craticae,
236 2409 276 2453 abs
299 2422 342 2467 qua
359 2409 507 2454 Hermesiana
529 2408 622 2468 ingenio
641 2421 682 2453 suo
699 2405 754 2451 nihil
772 2405 860 2466 dillert,
880 2408 960 2456 multas

98 2500 151 2533 esse
165 2476 272 2544 uirtutes,
288 2501 344 2546 prae
361 2490 443 2533 ceteris
460 2488 562 2534 otrrnihus
580 2501 630 2532 eam
646 2488 758 2533 excellere
777 2490 806 2534 ad
823 2489 910 2534 animos
925 2488 961 2533 al-

97 2569 209 2615 liciendos
231 2575 254 2614 et
273 2569 399 2627 tenendos,
424 2569 519 2613 eandem
541 2569 657 2627 plurimum
674 2570 750 2615 ualere
768 2570 796 2615 ad
813 2570 961 2615 attenhonem

97 2652 180 2697 irretitis
198 2651 340 2696 excitandam
357 2657 379 2696 et
393 2652 564 2710 persuasionem
580 2651 727 2708 efficiendam,
742 2650 802 2695 utrde
817 2663 864 2695 raon
879 2651 961 2696 iniuria

97 2731 285 2778 inveniendarum
303 2733 405 2779 idearum
427 2733 546 2778 methodus
563 2734 672 2792 appellata
695 2739 743 2786 est,
768 2733 825 2778 haec
849 2732 961 2777 sententia

99 2814 211 2859 eiusmodi
228 2819 276 2872 est,
299 2826 356 2872 quae
377 2826 463 2874 patruos
486 2815 753 2860 adve1·sar·iosollendat.
787 2813 832 2859 Sed
850 2814 893 2858 hac
910 2826 960 2858 me-

99 2895 169 2941 thodo
185 2901 209 2941 ut
225 2910 276 2941 cum
293 2895 367 2941 lruetu
389 2896 438 2952 utris
462 2898 550 2949 utatur,
572 2901 624 2939 ante
648 2899 722 2939 ornata.
746 2895 879 2952 requiritur,
901 2897 924 2936 ut
941 2892 961 2935 is

99 2974 148 3031 ipse
166 2977 257 3034 cogitet,
275 2981 298 3021 et
315 2977 404 3036 [paridem
420 2978 469 3034 ipse
487 2977 570 3035 cogitet
589 2990 669 3021 severo
686 2975 750 3020 verbi
766 2974 905 3033 significatu:
924 2975 961 3032 qui

101 3055 129 3099 ad
145 3057 347 3116 philosophandum
364 3060 436 3104 tatinus
453 3062 566 3115 proruptus
583 3064 605 3103 et
621 3063 697 3116 aptam,
715 3057 746 3111 is,
764 3056 864 3113 qttarntis
881 3054 961 3100 multas

99 3135 191 3179 notitias
207 3136 262 3181 loris
282 3138 389 3183 collectas
406 3137 503 3195 habeat,
526 3142 563 3184 aut
584 3138 634 3185 sine
656 3138 701 3185 ullo
725 3137 798 3183 lructu
818 3142 855 3182 aut
877 3138 959 3196 exiguo

101 3228 151 3262 cum
167 3227 276 3262 successu
292 3231 321 3264 ea
337 3223 417 3266 utetur.
