1979 3399
394 143 431 152 -
469 105 525 167 ate
561 140 596 152 —

2 246 4 249 ’
56 257 158 301 vernaus
177 256 292 314 apostolus
315 257 396 301 Paulus
419 257 510 313 scribit,
533 260 555 300 el
572 268 592 300 s.
608 255 755 314 Augustinus
765 255 850 300 docet:
870 254 930 316 „qui

56 336 114 382 ista“
136 343 203 392 (vera
223 336 330 382 scandala
348 338 372 382 in
394 339 505 393 ecclesia)
529 337 591 395 „non
610 335 701 392 dolent,
725 348 771 379 non
797 334 871 379 estin
888 336 921 392 eis

58 418 139 460 caritas
151 416 242 473 Christi,
260 418 298 476 qui
316 419 382 462 etiarn
399 418 427 463 de
444 419 523 463 talibus
540 416 648 477 gaudent,
665 415 766 460 cabrrndat
782 416 805 458 ia
821 414 854 459 eis
870 429 937 459 mm

55 496 148 554 liquatus
164 496 269 542 diabolis

119 575 193 621 Locus
210 589 229 621 s.
245 576 378 636 Augustini,
396 589 462 635 quern
477 575 585 621 Biundius
603 574 673 620 attulit
692 580 715 619 et
731 576 851 622 Petronius
867 589 921 635 pes.

58 657 115 701 sime
135 657 238 715 detorsit,
254 658 314 703 idem
331 658 355 701 in
378 657 428 702 aliis
446 657 520 702 causis
537 655 615 701 allatus
634 661 674 713 est,
692 660 713 700 ct
729 669 796 702 arnum
813 656 923 702 eiusmodi
962 646 963 649 Ἴ

59 737 184 796 exemplum
205 737 352 785 memorabile
365 738 408 783 lma
420 740 542 784 occasione
556 751 602 782 rron
616 737 761 783 onnttendum
774 751 826 782 csse
840 739 922 797 putavi.
978 749 979 752 ’

122 817 176 862 Fata
199 821 324 876 moresque
342 818 498 864 Saronarolae
518 816 606 862 recenti
632 804 741 862 memoria
765 821 855 877 saepius
882 834 923 878 per
965 803 979 857 s

61 896 203 943 Germaniam
221 903 326 944 enarrata
342 903 392 943 sunt
401 913 408 954 3
429 911 472 957 qno
489 898 560 959 inagis
577 904 710 958 exspectare
726 912 860 959 possumus',
879 898 924 943 do-

60 978 154 1025 ctrinam
168 983 190 1024 et
200 979 246 1024 lata
258 981 307 1025 eius
319 980 362 1025 viri
378 979 502 1037 lectoribus
522 980 605 1024 nostris
626 981 718 1040 cognita
735 992 795 1025 esse.
827 980 924 1025 Floren-

60 1061 105 1105 tiae
121 1065 226 1120 tanqnam
245 1061 358 1120 magister
375 1051 460 1104 erroris
472 1061 628 1119 ¹,strangulatus
644 1061 758 1120 ipsiusque
775 1073 856 1119 corpus
871 1061 925 1119 igne

61 1141 204 1186 combustum
222 1145 269 1196 est3
295 1140 357 1199 plura
375 1140 506 1198 exscriptis
523 1141 572 1184 eius
590 1140 711 1184 etiamnum
730 1141 754 1184 in
771 1140 849 1185 lndioe
866 1147 924 1187 sunt.

62 1213 125 1274 Quae
142 1222 218 1267 omnia
232 1222 295 1267 viros
312 1221 393 1266 doctos
410 1221 533 1267 catholicos
556 1234 603 1266 non
619 1221 789 1280 prohibuerunt,
808 1226 925 1281 quominus

61 1300 122 1345 hunc
144 1302 216 1347 virum
241 1301 407 1346 defendendum
430 1303 578 1359 susciperent.
610 1300 735 1359 Splendore
752 1307 826 1348 autem
836 1308 859 1347 et
875 1290 930 1348 elo-¹

62 1384 167 1442 quentiae
183 1383 206 1428 vi
224 1394 303 1428 omnes
321 1383 364 1428 hae
389 1382 534 1428 detensiones
557 1387 693 1441 superantur
710 1382 738 1427 ab
754 1382 867 1443 Apologia
883 1384 927 1431 Sa-

61 1464 201 1521 vonarolac,
227 1476 292 1524 qnam
308 1464 469 1510 Donrinicarrrrs
486 1463 642 1520 Florentinus,
664 1463 793 1524 theologiae
811 1465 883 1509 lector
904 1466 927 1510 in

61 1547 200 1591 monasterio
232 1558 251 1590 s.
271 1540 354 1600 lllarci,
388 1544 516 1590 Wilbclnaac
539 1542 630 1589 Bartola'
658 1557 717 1590 anno
745 1544 805 1591 trac
833 1546 928 1605 evulga-

62 1626 101 1674 vit.
134 1625 179 1672 Sed
196 1626 215 1672 is
234 1638 347 1684 nunquam
365 1625 393 1669 ob
410 1625 470 1670 banc
488 1638 580 1670 causam
592 1626 615 1670 in
627 1625 779 1684 suspicionem
792 1631 830 1671 aut
844 1626 867 1671 in
883 1625 927 1670 he-

61 1706 197 1752 terodoxiae
228 1708 314 1751 crimen
328 1706 437 1751 adductus
454 1711 503 1764 est,
531 1707 580 1751 eius
596 1706 723 1765 Apologia,
749 1707 926 1764 adprobantibus

63 1784 198 1834 officialibus
219 1787 370 1845 Florentinis,
393 1788 456 1833 edita
473 1793 523 1844 est,
539 1792 562 1832 et
578 1789 627 1846 ipse
643 1801 744 1847 magnus·
765 1788 810 1833 dur
830 1788 927 1833 Tusciae

63 1868 194 1927 Leopoldns
210 1867 376 1913 dchcationcm
392 1868 440 1912 cius
455 1868 506 1913 libri
522 1869 609 1926 accepit
623 1874 651 1925 1].
684 1869 734 1927 Ipsa
744 1868 802 1913 haec
813 1868 927 1929 Apologia

64 1950 144 1996 illustri
161 1950 296 1994 documento
313 1948 426 2006 ostendit,
444 1962 509 2008 quarn
525 1954 626 2008 prompte
642 1949 741 1993 ecclesia
757 1951 884 2007 permittat,
900 1954 924 1994 ut

64 2029 167 2074 homines
184 2029 228 2074 iam
247 2029 390 2075 condemnati
408 2029 572 2084 defendantur,
599 2029 702 2074 ostendit
713 2028 806 2085 eadent,
828 2035 926 2076 trientem

64 2109 172 2168 legesque
189 2110 303 2155 ccclesiae
318 2124 384 2170 qnam
401 2111 459 2156 male
478 2111 580 2170 cognitas
595 2110 694 2155 habeant
710 2111 738 2168 ii,
754 2112 791 2169 qui
807 2109 927 2170 quodcun-

66 2204 110 2250 que
135 2190 229 2236 verbum
251 2192 274 2237 in
298 2192 393 2252 gratiam
410 2192 533 2237 Hermesii-
548 2191 630 2237 dictum
653 2193 796 2252 restinguere
821 2192 926 2249 eupiunt;

67 2272 147 2316 eadem
168 2272 242 2318 denuo
261 2273 412 2332 ignorantiam
428 2275 465 2320 rel
480 2273 652 2332 peruersitatem
668 2274 735 2319 animi
752 2271 866 2326 ostendit,
883 2284 926 2328 qua
981 2311 983 2314 ,

65 2354 188 2399 Perronius
204 2354 232 2399 ab
248 2355 312 2400 initio
328 2367 399 2414 usque
419 2355 529 2399 adfinem
551 2355 602 2399 libri
618 2354 652 2399 sui
670 2354 767 2398 excellit.
801 2352 871 2410 Caput
889 2354 927 2396 ui«

68 2435 175 2491 cesimum
199 2435 323 2480 secundum
345 2435 416 2480 solum
436 2434 535 2492 sufficit,
558 2440 582 2479 ut
600 2448 657 2493 quae
676 2434 771 2478 diximus
788 2433 926 2492 probentur,

66 2514 112 2560 lroc
136 2516 205 2574 igitur
228 2528 279 2560 cum
301 2513 387 2561 lectore
406 2514 614 2559 comnmnicandum
637 2513 768 2572 putavimus.
795 2513 926 2574 Inscriptum

66 2596 120 2641 illud
137 2602 188 2642 est:

67 2711 301 2721 *Μ

108 2769 127 2818 1)
145 2768 216 2805 istoria
231 2767 279 2806 dett
295 2769 425 2806 Arcinescouo
440 2768 459 2805 S.
472 2769 574 2806 Antonino
589 2782 603 2805 e·
615 2770 646 2806 de'
661 2769 705 2807 snoi
718 2770 759 2818 piu’
774 2768 847 2805 illustri
862 2767 925 2803 disce-

147 2838 189 2888 poli
205 2839 251 2875 ccll'
266 2839 365 2888 Apologia
379 2838 399 2875 di
415 2840 436 2878 F.
450 2839 556 2877 Girotamo
572 2841 706 2879 Savariarota
722 2838 769 2875 libri
782 2840 817 2884 III,
835 2839 925 2875 deseritti

145 2921 156 2945 e
172 2907 260 2945 dedicati
275 2921 286 2943 a
300 2921 335 2945 sira
348 2910 423 2945 alterza
444 2908 499 2944 reale
517 2909 581 2946 Pletro
598 2910 702 2958 Leopoldo
718 2908 812 2945 areiduea
828 2908 926 2944 <illustria

145 2977 253 3015 Granduca
267 2977 285 3014 di
295 2978 385 3014 'l‘oscnna
400 2991 427 3014 ec>
443 2990 471 3013 ec.
487 2988 515 3013 ec.
531 2977 555 3012 da
569 2979 591 3017 Fi
607 2978 721 3029 Guglielmo
733 2978 815 3016 Barcoli
830 2977 926 3013 Domeni-
960 2985 962 2989 ’

143 3060 193 3084 ceno
209 3048 289 3084 Lettore
306 3049 327 3084 in
341 3048 360 3087 S.
377 3048 443 3084 lllarco
460 3047 480 3083 di
495 3046 577 3084 Filenze
589 3047 758 3087 ntnnstxxn'n.
794 3048 830 3085 Per
845 3046 926 3087 Antouu

144 3119 247 3170 Ginseppe
263 3118 343 3168 Pagani,
358 3131 369 3156 e
384 3119 453 3169 Cornp.
471 3129 509 3154 con
524 3117 683 3171 Approvazione.
