<?xml version="1.0" encoding="UTF-8"?>
<!DOCTYPE html PUBLIC "-//W3C//DTD XHTML 1.0 Transitional//EN"
    "http://www.w3.org/TR/xhtml1/DTD/xhtml1-transitional.dtd">
<html xmlns="http://www.w3.org/1999/xhtml" xml:lang="en" lang="en">
 <head>
  <title>
</title>
<meta http-equiv="Content-Type" content="text/html;charset=utf-8" />
  <meta name='ocr-system' content='tesseract 3.04.00' />
  <meta name='ocr-capabilities' content='ocr_page ocr_carea ocr_par ocr_line ocrx_word'/>
</head>
<body>
  <div class='ocr_page' id='page_1' title='image "MN5163ucmf_1_0140.png"; bbox 0 0 1979 3399; ppageno 0'>
   <div class='ocr_carea' id='block_1_1' title="bbox 385 40 590 93">
    <p class='ocr_par' dir='ltr' id='par_1_1' title="bbox 385 40 590 93">
     <span class='ocr_line' id='line_1_1' title="bbox 385 40 590 93; baseline -0.005 0"><span class='ocrx_word' id='word_1_1' title='bbox 385 40 590 93; x_wconf 60' lang='lat' dir='ltr'>utet-</span> 
     </span>
    </p>
   </div>
   <div class='ocr_carea' id='block_1_2' title="bbox 214 185 317 231">
    <p class='ocr_par' dir='ltr' id='par_1_2' title="bbox 214 185 317 231">
     <span class='ocr_line' id='line_1_2' title="bbox 214 185 317 231; baseline -0.019 0"><span class='ocrx_word' id='word_1_2' title='bbox 214 185 317 231; x_wconf 81' lang='lat' dir='ltr'>Esserus</span> 
     </span>
    </p>
   </div>
   <div class='ocr_carea' id='block_1_3' title="bbox 81 278 468 327">
    <p class='ocr_par' dir='ltr' id='par_1_3' title="bbox 81 278 468 327">
     <span class='ocr_line' id='line_1_3' title="bbox 81 278 468 327; baseline -0.021 -4"><span class='ocrx_word' id='word_1_3' title='bbox 81 285 199 323; x_wconf 84' lang='lat' dir='ltr'>llernaesius</span> <span class='ocrx_word' id='word_1_4' title='bbox 219 288 277 320; x_wconf 88' lang='lat' dir='ltr'>natos</span> <span class='ocrx_word' id='word_1_5' title='bbox 300 283 330 316; x_wconf 85' lang='lat' dir='ltr'>est</span> <span class='ocrx_word' id='word_1_6' title='bbox 343 278 468 327; x_wconf 80' lang='lat' dir='ltr'>Dreyerual-</span> 
     </span>
    </p>
   </div>
   <div class='ocr_carea' id='block_1_4' title="bbox 56 349 469 550">
    <p class='ocr_par' dir='ltr' id='par_1_4' title="bbox 56 349 469 550">
     <span class='ocr_line' id='line_1_4' title="bbox 56 349 468 409; baseline -0.022 -15"><span class='ocrx_word' id='word_1_7' title='bbox 56 356 109 403; x_wconf 84' lang='lat' dir='ltr'>dae‚</span> <span class='ocrx_word' id='word_1_8' title='bbox 129 368 182 409; x_wconf 85' lang='lat' dir='ltr'>quae</span> <span class='ocrx_word' id='word_1_9' title='bbox 201 352 226 390; x_wconf 86' lang='lat' dir='ltr'>ad</span> <span class='ocrx_word' id='word_1_10' title='bbox 245 349 407 388; x_wconf 79' lang='lat' dir='ltr'>iurisdictionem</span> <span class='ocrx_word' id='word_1_11' title='bbox 431 351 468 386; x_wconf 78' lang='lat' dir='ltr'>Be·-</span> 
     </span>
     <span class='ocr_line' id='line_1_5' title="bbox 57 420 469 476; baseline -0.022 -11"><span class='ocrx_word' id='word_1_12' title='bbox 57 437 195 476; x_wconf 81' lang='lat' dir='ltr'>vergerensem</span> <span class='ocrx_word' id='word_1_13' title='bbox 217 422 329 474; x_wconf 73' lang='lat' dir='ltr'>pertinuit,</span> <span class='ocrx_word' id='word_1_14' title='bbox 351 420 372 457; x_wconf 88' lang='lat' dir='ltr'>in</span> <span class='ocrx_word' id='word_1_15' title='bbox 394 420 469 457; x_wconf 81' lang='lat' dir='ltr'>finibus</span> 
     </span>
     <span class='ocr_line' id='line_1_6' title="bbox 58 491 373 550; baseline -0.025 -14"><span class='ocrx_word' id='word_1_16' title='bbox 58 499 185 550; x_wconf 74' lang='lat' dir='ltr'>principatus</span> <span class='ocrx_word' id='word_1_17' title='bbox 201 491 373 531; x_wconf 81' lang='lat' dir='ltr'>Monasterieusis.</span> 
     </span>
    </p>
   </div>
   <div class='ocr_carea' id='block_1_5' title="bbox 75 610 471 670">
    <p class='ocr_par' dir='ltr' id='par_1_5' title="bbox 75 610 471 670">
     <span class='ocr_line' id='line_1_7' title="bbox 75 610 471 670; baseline -0.013 -13"><span class='ocrx_word' id='word_1_18' title='bbox 75 610 214 670; x_wconf 69' lang='lat' dir='ltr'>Gymnasium</span> <span class='ocrx_word' id='word_1_19' title='bbox 229 616 333 655; x_wconf 82' lang='lat' dir='ltr'>adiituico</span> <span class='ocrx_word' id='word_1_20' title='bbox 347 615 414 667; x_wconf 87' lang='lat' dir='ltr'>patrio</span> <span class='ocrx_word' id='word_1_21' title='bbox 423 628 471 666; x_wconf 84' lang='lat' dir='ltr'>pro-</span> 
     </span>
    </p>
   </div>
   <div class='ocr_carea' id='block_1_6' title="bbox 58 687 471 800">
    <p class='ocr_par' dir='ltr' id='par_1_6' title="bbox 58 687 471 800">
     <span class='ocr_line' id='line_1_8' title="bbox 58 687 471 742; baseline -0.015 -14"><span class='ocrx_word' id='word_1_22' title='bbox 58 691 141 736; x_wconf 77' lang='lat' dir='ltr'>storum,</span> <span class='ocrx_word' id='word_1_23' title='bbox 156 689 211 742; x_wconf 90' lang='lat' dir='ltr'>quod</span> <span class='ocrx_word' id='word_1_24' title='bbox 220 689 311 727; x_wconf 78' lang='lat' dir='ltr'>ltheinae</span> <span class='ocrx_word' id='word_1_25' title='bbox 325 689 397 726; x_wconf 80' lang='lat' dir='ltr'>fratres</span> <span class='ocrx_word' id='word_1_26' title='bbox 408 687 471 724; x_wconf 82' lang='lat' dir='ltr'>Fran-</span> 
     </span>
     <span class='ocr_line' id='line_1_9' title="bbox 59 760 313 800; baseline -0.012 -1"><span class='ocrx_word' id='word_1_27' title='bbox 59 762 133 800; x_wconf 86' lang='lat' dir='ltr'>eiseaui</span> <span class='ocrx_word' id='word_1_28' title='bbox 148 760 313 799; x_wconf 76' lang='lat' dir='ltr'>moderabantur.</span> 
     </span>
    </p>
   </div>
   <div class='ocr_carea' id='block_1_7' title="bbox 63 1024 476 1436">
    <p class='ocr_par' dir='ltr' id='par_1_7' title="bbox 63 1024 476 1436">
     <span class='ocr_line' id='line_1_10' title="bbox 69 1024 472 1072; baseline -0.027 -7"><span class='ocrx_word' id='word_1_29' title='bbox 69 1028 147 1065; x_wconf 91' lang='lat' dir='ltr'>.Illuo</span> <span class='ocrx_word' id='word_1_30' title='bbox 175 1024 290 1062; x_wconf 86' lang='lat' dir='ltr'>liermesius</span> <span class='ocrx_word' id='word_1_31' title='bbox 317 1027 408 1072; x_wconf 87' lang='lat' dir='ltr'>tempore</span> <span class='ocrx_word' id='word_1_32' title='bbox 436 1029 472 1070; x_wconf 86' lang='lat' dir='ltr'>pa-</span> 
     </span>
     <span class='ocr_line' id='line_1_11' title="bbox 63 1092 474 1141; baseline -0.029 -5"><span class='ocrx_word' id='word_1_33' title='bbox 63 1100 127 1137; x_wconf 87' lang='lat' dir='ltr'>schali</span> <span class='ocrx_word' id='word_1_34' title='bbox 143 1111 161 1134; x_wconf 91' lang='lat' dir='ltr'>a.</span> <span class='ocrx_word' id='word_1_35' title='bbox 177 1094 228 1134; x_wconf 67' lang='lat'>1788</span> <span class='ocrx_word' id='word_1_36' title='bbox 243 1094 326 1131; x_wconf 85' lang='lat' dir='ltr'>aduenit</span> <span class='ocrx_word' id='word_1_37' title='bbox 338 1115 362 1121; x_wconf 90' lang='lat'>-</span> <span class='ocrx_word' id='word_1_38' title='bbox 376 1092 403 1129; x_wconf 87' lang='lat' dir='ltr'>ita</span> <span class='ocrx_word' id='word_1_39' title='bbox 416 1102 474 1141; x_wconf 87' lang='lat' dir='ltr'>prae-</span> 
     </span>
     <span class='ocr_line' id='line_1_12' title="bbox 63 1160 475 1221; baseline -0.024 -15"><span class='ocrx_word' id='word_1_40' title='bbox 63 1176 146 1221; x_wconf 88' lang='lat' dir='ltr'>paratus</span> <span class='ocrx_word' id='word_1_41' title='bbox 165 1168 255 1204; x_wconf 78' lang='lat' dir='ltr'>semestri</span> <span class='ocrx_word' id='word_1_42' title='bbox 276 1165 362 1202; x_wconf 88' lang='lat' dir='ltr'>hiberno</span> <span class='ocrx_word' id='word_1_43' title='bbox 384 1174 401 1197; x_wconf 74' lang='lat' dir='ltr'>a·</span> <span class='ocrx_word' id='word_1_44' title='bbox 424 1160 475 1198; x_wconf 69' lang='lat'><strong>1792</strong></span> 
     </span>
     <span class='ocr_line' id='line_1_13' title="bbox 64 1234 476 1278; baseline -0.024 0"><span class='ocrx_word' id='word_1_45' title='bbox 64 1242 90 1278; x_wconf 91' lang='lat' dir='ltr'>ad</span> <span class='ocrx_word' id='word_1_46' title='bbox 115 1240 267 1277; x_wconf 83' lang='lat' dir='ltr'>universitatem</span> <span class='ocrx_word' id='word_1_47' title='bbox 295 1234 476 1274; x_wconf 82' lang='lat' dir='ltr'>lilonasteriensem</span> 
     </span>
     <span class='ocr_line' id='line_1_14' title="bbox 65 1304 476 1360; baseline -0.024 -10"><span class='ocrx_word' id='word_1_48' title='bbox 65 1326 87 1351; x_wconf 84' lang='lat' dir='ltr'>se</span> <span class='ocrx_word' id='word_1_49' title='bbox 100 1312 188 1349; x_wconf 89' lang='lat' dir='ltr'>contulit</span> <span class='ocrx_word' id='word_1_50' title='bbox 208 1331 233 1338; x_wconf 84' lang='lat'><em>-</em></span> <span class='ocrx_word' id='word_1_51' title='bbox 249 1320 302 1360; x_wconf 82' lang='lat' dir='ltr'>qrrae</span> <span class='ocrx_word' id='word_1_52' title='bbox 320 1306 392 1344; x_wconf 88' lang='lat' dir='ltr'>studiis</span> <span class='ocrx_word' id='word_1_53' title='bbox 406 1304 476 1358; x_wconf 90' lang='lat' dir='ltr'>philo-</span> 
     </span>
     <span class='ocr_line' id='line_1_15' title="bbox 65 1378 354 1436; baseline -0.028 -15"><span class='ocrx_word' id='word_1_54' title='bbox 65 1383 154 1436; x_wconf 83' lang='lat' dir='ltr'>sophicis</span> <span class='ocrx_word' id='word_1_55' title='bbox 170 1386 218 1417; x_wconf 88' lang='lat' dir='ltr'>trmc</span> <span class='ocrx_word' id='word_1_56' title='bbox 234 1378 354 1417; x_wconf 75' lang='lat' dir='ltr'>excellebat.</span> 
     </span>
    </p>
   </div>
   <div class='ocr_carea' id='block_1_8' title="bbox 66 1498 480 1842">
    <p class='ocr_par' dir='ltr' id='par_1_8' title="bbox 66 1498 480 1842">
     <span class='ocr_line' id='line_1_16' title="bbox 91 1498 476 1550; baseline -0.013 -9"><span class='ocrx_word' id='word_1_57' title='bbox 91 1505 123 1542; x_wconf 91' lang='lat' dir='ltr'>lbi</span> <span class='ocrx_word' id='word_1_58' title='bbox 139 1517 162 1540; x_wconf 88' lang='lat' dir='ltr'>ea</span> <span class='ocrx_word' id='word_1_59' title='bbox 178 1507 246 1539; x_wconf 86' lang='lat' dir='ltr'>aetate</span> <span class='ocrx_word' id='word_1_60' title='bbox 261 1502 282 1538; x_wconf 90' lang='lat' dir='ltr'>in</span> <span class='ocrx_word' id='word_1_61' title='bbox 297 1501 368 1538; x_wconf 83' lang='lat' dir='ltr'>ordine</span> <span class='ocrx_word' id='word_1_62' title='bbox 384 1498 476 1550; x_wconf 87' lang='lat' dir='ltr'>philoso-</span> 
     </span>
     <span class='ocr_line' id='line_1_17' title="bbox 68 1571 477 1629; baseline -0.022 -15"><span class='ocrx_word' id='word_1_63' title='bbox 68 1578 155 1629; x_wconf 86' lang='lat' dir='ltr'>phorum</span> <span class='ocrx_word' id='word_1_64' title='bbox 180 1573 322 1613; x_wconf 79' lang='lat' dir='ltr'>Ueber&#39;wusser</span> <span class='ocrx_word' id='word_1_65' title='bbox 346 1571 477 1610; x_wconf 76' lang='lat' dir='ltr'>theoreticam</span> 
     </span>
     <span class='ocr_line' id='line_1_18' title="bbox 66 1642 477 1700; baseline -0.022 -15"><span class='ocrx_word' id='word_1_66' title='bbox 66 1646 230 1700; x_wconf 73' lang='lat' dir='ltr'>philosophiam,</span> <span class='ocrx_word' id='word_1_67' title='bbox 248 1644 368 1694; x_wconf 83' lang='lat' dir='ltr'>Kremeliug</span> <span class='ocrx_word' id='word_1_68' title='bbox 383 1642 477 1679; x_wconf 81' lang='lat' dir='ltr'>moralem</span> 
     </span>
     <span class='ocr_line' id='line_1_19' title="bbox 69 1713 478 1771; baseline -0.02 -15"><span class='ocrx_word' id='word_1_69' title='bbox 69 1718 227 1771; x_wconf 79' lang='lat' dir='ltr'>philosophiam,</span> <span class='ocrx_word' id='word_1_70' title='bbox 245 1717 297 1754; x_wconf 71' lang='lat' dir='ltr'>Gara</span> <span class='ocrx_word' id='word_1_71' title='bbox 311 1713 478 1759; x_wconf 86' lang='lat' dir='ltr'>mathematicam,</span> 
     </span>
     <span class='ocr_line' id='line_1_20' title="bbox 69 1783 480 1842; baseline -0.032 -12"><span class='ocrx_word' id='word_1_72' title='bbox 69 1791 153 1830; x_wconf 75' lang='lat' dir='ltr'>Baltzer·</span> <span class='ocrx_word' id='word_1_73' title='bbox 166 1786 276 1837; x_wconf 77' lang='lat' dir='ltr'>physicam,</span> <span class='ocrx_word' id='word_1_74' title='bbox 292 1784 421 1842; x_wconf 74' lang='lat' dir='ltr'>Kisteurolrer</span> <span class='ocrx_word' id='word_1_75' title='bbox 435 1783 480 1834; x_wconf 87' lang='lat' dir='ltr'>phi-</span> 
     </span>
    </p>
   </div>
   <div class='ocr_carea' id='block_1_9' title="bbox 70 1857 290 1910">
    <p class='ocr_par' dir='ltr' id='par_1_9' title="bbox 70 1857 290 1910">
     <span class='ocr_line' id='line_1_21' title="bbox 70 1857 290 1910; baseline -0.027 -11"><span class='ocrx_word' id='word_1_76' title='bbox 70 1860 168 1910; x_wconf 82' lang='lat' dir='ltr'>lologiam</span> <span class='ocrx_word' id='word_1_77' title='bbox 183 1857 290 1894; x_wconf 86' lang='lat' dir='ltr'>docebant.</span> 
     </span>
    </p>
   </div>
   <div class='ocr_carea' id='block_1_10' title="bbox 72 1975 489 2734">
    <p class='ocr_par' dir='ltr' id='par_1_10' title="bbox 72 1975 489 2734">
     <span class='ocr_line' id='line_1_22' title="bbox 99 1975 482 2032; baseline -0.016 -13"><span class='ocrx_word' id='word_1_78' title='bbox 99 1984 164 2020; x_wconf 87' lang='lat' dir='ltr'>Cursu</span> <span class='ocrx_word' id='word_1_79' title='bbox 184 1978 327 2032; x_wconf 76' lang='lat' dir='ltr'>philosophico</span> <span class='ocrx_word' id='word_1_80' title='bbox 348 1976 441 2015; x_wconf 84' lang='lat' dir='ltr'>confecto</span> <span class='ocrx_word' id='word_1_81' title='bbox 457 1975 482 2013; x_wconf 90' lang='lat' dir='ltr'>ad</span> 
     </span>
     <span class='ocr_line' id='line_1_23' title="bbox 72 2046 482 2099; baseline -0.027 -6"><span class='ocrx_word' id='word_1_82' title='bbox 72 2054 140 2093; x_wconf 79' lang='lat' dir='ltr'>simlia</span> <span class='ocrx_word' id='word_1_83' title='bbox 162 2051 276 2099; x_wconf 83' lang='lat' dir='ltr'>theologica</span> <span class='ocrx_word' id='word_1_84' title='bbox 292 2062 302 2086; x_wconf 87' lang='lat' dir='ltr'>a</span> <span class='ocrx_word' id='word_1_85' title='bbox 327 2046 378 2086; x_wconf 70' lang='lat'>1794</span> <span class='ocrx_word' id='word_1_86' title='bbox 393 2049 482 2085; x_wconf 85' lang='lat' dir='ltr'>accessit.</span> 
     </span>
     <span class='ocr_line' id='line_1_24' title="bbox 73 2119 482 2170; baseline -0.022 -7"><span class='ocrx_word' id='word_1_87' title='bbox 73 2128 97 2163; x_wconf 90' lang='lat' dir='ltr'>ln</span> <span class='ocrx_word' id='word_1_88' title='bbox 111 2123 181 2162; x_wconf 86' lang='lat' dir='ltr'>ordine</span> <span class='ocrx_word' id='word_1_89' title='bbox 192 2120 332 2170; x_wconf 73' lang='lat' dir='ltr'>theologorum</span> <span class='ocrx_word' id='word_1_90' title='bbox 345 2126 394 2156; x_wconf 85' lang='lat' dir='ltr'>tunc</span> <span class='ocrx_word' id='word_1_91' title='bbox 406 2119 426 2155; x_wconf 93' lang='lat' dir='ltr'>hi</span> <span class='ocrx_word' id='word_1_92' title='bbox 435 2131 482 2170; x_wconf 86' lang='lat' dir='ltr'>pro·</span> 
     </span>
     <span class='ocr_line' id='line_1_25' title="bbox 73 2187 484 2239; baseline -0.015 -5"><span class='ocrx_word' id='word_1_93' title='bbox 73 2197 159 2234; x_wconf 76' lang='lat' dir='ltr'>sessores</span> <span class='ocrx_word' id='word_1_94' title='bbox 174 2187 287 2239; x_wconf 76' lang='lat' dir='ltr'>docebant,</span> <span class='ocrx_word' id='word_1_95' title='bbox 306 2191 436 2230; x_wconf 71' lang='lat' dir='ltr'>Fortentecl</span> <span class='ocrx_word' id='word_1_96' title='bbox 450 2192 484 2228; x_wconf 85' lang='lat' dir='ltr'>in-</span> 
     </span>
     <span class='ocr_line' id='line_1_26' title="bbox 73 2262 484 2309; baseline -0.017 -5"><span class='ocrx_word' id='word_1_97' title='bbox 73 2266 222 2304; x_wconf 88' lang='lat' dir='ltr'>troductionem</span> <span class='ocrx_word' id='word_1_98' title='bbox 241 2264 262 2300; x_wconf 87' lang='lat' dir='ltr'>in</span> <span class='ocrx_word' id='word_1_99' title='bbox 284 2262 350 2300; x_wconf 86' lang='lat' dir='ltr'>studia</span> <span class='ocrx_word' id='word_1_100' title='bbox 368 2263 484 2309; x_wconf 69' lang='lat' dir='ltr'>theologiae</span> 
     </span>
     <span class='ocr_line' id='line_1_27' title="bbox 74 2332 486 2383; baseline -0.01 -9"><span class='ocrx_word' id='word_1_101' title='bbox 74 2342 95 2374; x_wconf 91' lang='lat' dir='ltr'>et</span> <span class='ocrx_word' id='word_1_102' title='bbox 115 2335 137 2371; x_wconf 89' lang='lat' dir='ltr'>iu</span> <span class='ocrx_word' id='word_1_103' title='bbox 151 2334 298 2383; x_wconf 81' lang='lat' dir='ltr'>dogmaticam,</span> <span class='ocrx_word' id='word_1_104' title='bbox 320 2332 486 2382; x_wconf 79' lang='lat' dir='ltr'>Scluzoeseuberg</span> 
     </span>
     <span class='ocr_line' id='line_1_28' title="bbox 77 2402 486 2454; baseline -0.012 -11"><span class='ocrx_word' id='word_1_105' title='bbox 77 2406 202 2454; x_wconf 86' lang='lat' dir='ltr'>theologiam</span> <span class='ocrx_word' id='word_1_106' title='bbox 219 2404 315 2439; x_wconf 86' lang='lat' dir='ltr'>moralem</span> <span class='ocrx_word' id='word_1_107' title='bbox 335 2407 355 2438; x_wconf 86' lang='lat' dir='ltr'>et</span> <span class='ocrx_word' id='word_1_108' title='bbox 376 2402 486 2438; x_wconf 83' lang='lat' dir='ltr'>uonrrullos</span> 
     </span>
     <span class='ocr_line' id='line_1_29' title="bbox 77 2471 487 2527; baseline -0.02 -13"><span class='ocrx_word' id='word_1_109' title='bbox 77 2476 204 2527; x_wconf 76' lang='lat' dir='ltr'>dogmaticae</span> <span class='ocrx_word' id='word_1_110' title='bbox 219 2473 286 2518; x_wconf 84' lang='lat' dir='ltr'>locos,</span> <span class='ocrx_word' id='word_1_111' title='bbox 301 2473 406 2521; x_wconf 71' lang='lat' dir='ltr'>Baintgeus</span> <span class='ocrx_word' id='word_1_112' title='bbox 421 2471 487 2507; x_wconf 86' lang='lat' dir='ltr'>hislo—</span> 
     </span>
     <span class='ocr_line' id='line_1_30' title="bbox 77 2539 488 2588; baseline -0.039 -3"><span class='ocrx_word' id='word_1_113' title='bbox 77 2550 126 2586; x_wconf 85' lang='lat' dir='ltr'>riam</span> <span class='ocrx_word' id='word_1_114' title='bbox 145 2544 315 2588; x_wconf 82' lang='lat' dir='ltr'>ecclesiasticam,</span> <span class='ocrx_word' id='word_1_115' title='bbox 336 2540 408 2580; x_wconf 67' lang='lat' dir='ltr'>attere</span> <span class='ocrx_word' id='word_1_116' title='bbox 428 2539 488 2578; x_wconf 88' lang='lat' dir='ltr'>theo.</span> 
     </span>
     <span class='ocr_line' id='line_1_31' title="bbox 77 2612 489 2669; baseline -0.022 -11"><span class='ocrx_word' id='word_1_117' title='bbox 77 2620 152 2669; x_wconf 88' lang='lat' dir='ltr'>logiam</span> <span class='ocrx_word' id='word_1_118' title='bbox 167 2615 297 2667; x_wconf 87' lang='lat' dir='ltr'>pastoralem,</span> <span class='ocrx_word' id='word_1_119' title='bbox 312 2612 394 2651; x_wconf 70' lang='lat' dir='ltr'>corten</span> <span class='ocrx_word' id='word_1_120' title='bbox 410 2617 489 2662; x_wconf 87' lang='lat' dir='ltr'>etpost</span> 
     </span>
     <span class='ocr_line' id='line_1_32' title="bbox 75 2683 487 2734; baseline -0.027 -4"><span class='ocrx_word' id='word_1_121' title='bbox 75 2691 131 2730; x_wconf 75' lang='lat' dir='ltr'>hum</span> <span class='ocrx_word' id='word_1_122' title='bbox 139 2686 269 2728; x_wconf 75' lang='lat' dir='ltr'>Ktsrcmatu·</span> <span class='ocrx_word' id='word_1_123' title='bbox 279 2684 372 2734; x_wconf 70' lang='lat' dir='ltr'>exegesis]</span> <span class='ocrx_word' id='word_1_124' title='bbox 386 2683 487 2721; x_wconf 86' lang='lat' dir='ltr'>biblicam.</span> 
     </span>
    </p>
   </div>
   <div class='ocr_carea' id='block_1_11' title="bbox 81 2949 491 3150">
    <p class='ocr_par' dir='ltr' id='par_1_11' title="bbox 81 2949 491 3150">
     <span class='ocr_line' id='line_1_33' title="bbox 106 2949 487 3006; baseline -0.024 -13"><span class='ocrx_word' id='word_1_125' title='bbox 106 2959 147 2993; x_wconf 90' lang='lat' dir='ltr'>lam</span> <span class='ocrx_word' id='word_1_126' title='bbox 163 2959 201 2993; x_wconf 88' lang='lat' dir='ltr'>hoc</span> <span class='ocrx_word' id='word_1_127' title='bbox 216 2961 306 3006; x_wconf 84' lang='lat' dir='ltr'>ternpore</span> <span class='ocrx_word' id='word_1_128' title='bbox 321 2955 388 2991; x_wconf 80' lang='lat' dir='ltr'>variae</span> <span class='ocrx_word' id='word_1_129' title='bbox 406 2949 487 2989; x_wconf 76' lang='lat' dir='ltr'>dubita</span> 
     </span>
     <span class='ocr_line' id='line_1_34' title="bbox 81 3024 491 3065; baseline -0.02 -1"><span class='ocrx_word' id='word_1_130' title='bbox 81 3028 147 3064; x_wconf 81' lang='lat' dir='ltr'>tiones</span> <span class='ocrx_word' id='word_1_131' title='bbox 161 3033 181 3064; x_wconf 90' lang='lat' dir='ltr'>et</span> <span class='ocrx_word' id='word_1_132' title='bbox 196 3027 341 3065; x_wconf 77' lang='lat' dir='ltr'>haesitationes</span> <span class='ocrx_word' id='word_1_133' title='bbox 365 3027 386 3064; x_wconf 84' lang='lat' dir='ltr'>ia</span> <span class='ocrx_word' id='word_1_134' title='bbox 401 3024 438 3061; x_wconf 89' lang='lat' dir='ltr'>illo</span> <span class='ocrx_word' id='word_1_135' title='bbox 454 3034 491 3058; x_wconf 73' lang='lat' dir='ltr'>es-</span> 
     </span>
     <span class='ocr_line' id='line_1_35' title="bbox 82 3096 490 3150; baseline -0.015 -16"><span class='ocrx_word' id='word_1_136' title='bbox 82 3097 202 3135; x_wconf 86' lang='lat' dir='ltr'>citabautur.</span> <span class='ocrx_word' id='word_1_137' title='bbox 230 3098 310 3150; x_wconf 79' lang='lat' dir='ltr'>Quibus</span> <span class='ocrx_word' id='word_1_138' title='bbox 325 3097 350 3135; x_wconf 87' lang='lat' dir='ltr'>de</span> <span class='ocrx_word' id='word_1_139' title='bbox 364 3096 429 3134; x_wconf 85' lang='lat' dir='ltr'>rebus</span> <span class='ocrx_word' id='word_1_140' title='bbox 441 3105 490 3145; x_wconf 84' lang='lat' dir='ltr'>prae</span> 
     </span>
    </p>
   </div>
   <div class='ocr_carea' id='block_1_12' title="bbox 83 3167 490 3221">
    <p class='ocr_par' dir='ltr' id='par_1_12' title="bbox 83 3167 490 3221">
     <span class='ocr_line' id='line_1_36' title="bbox 83 3167 490 3221; baseline -0.02 -13"><span class='ocrx_word' id='word_1_141' title='bbox 83 3167 155 3208; x_wconf 88' lang='lat' dir='ltr'>ceteris</span> <span class='ocrx_word' id='word_1_142' title='bbox 170 3171 241 3207; x_wconf 85' lang='lat' dir='ltr'>certior</span> <span class='ocrx_word' id='word_1_143' title='bbox 257 3170 300 3208; x_wconf 85' lang='lat' dir='ltr'>lieri</span> <span class='ocrx_word' id='word_1_144' title='bbox 317 3167 417 3221; x_wconf 84' lang='lat' dir='ltr'>cupiebat,</span> <span class='ocrx_word' id='word_1_145' title='bbox 434 3169 490 3203; x_wconf 86' lang='lat' dir='ltr'>eraut</span> 
     </span>
    </p>
   </div>
   <div class='ocr_carea' id='block_1_13' title="bbox 627 178 756 225">
    <p class='ocr_par' dir='ltr' id='par_1_13' title="bbox 627 178 756 225">
     <span class='ocr_line' id='line_1_37' title="bbox 627 178 756 225; baseline -0.008 0"><span class='ocrx_word' id='word_1_146' title='bbox 627 178 756 225; x_wconf 75' lang='lat' dir='ltr'>cerrenus.</span> 
     </span>
    </p>
   </div>
   <div class='ocr_carea' id='block_1_14' title="bbox 504 276 919 456">
    <p class='ocr_par' dir='ltr' id='par_1_14' title="bbox 504 276 919 456">
     <span class='ocr_line' id='line_1_38' title="bbox 531 276 918 332; baseline -0.005 -17"><span class='ocrx_word' id='word_1_147' title='bbox 531 277 630 326; x_wconf 78' lang='lat' dir='ltr'>Georgius</span> <span class='ocrx_word' id='word_1_148' title='bbox 643 277 727 315; x_wconf 88' lang='lat' dir='ltr'>Hermes</span> <span class='ocrx_word' id='word_1_149' title='bbox 742 281 801 314; x_wconf 85' lang='lat' dir='ltr'>natus</span> <span class='ocrx_word' id='word_1_150' title='bbox 819 281 850 332; x_wconf 85' lang='lat' dir='ltr'>est</span> <span class='ocrx_word' id='word_1_151' title='bbox 866 276 918 314; x_wconf 86' lang='lat' dir='ltr'>Dre-</span> 
     </span>
     <span class='ocr_line' id='line_1_39' title="bbox 504 346 919 400; baseline -0.01 -14"><span class='ocrx_word' id='word_1_152' title='bbox 504 346 625 400; x_wconf 77' lang='lat' dir='ltr'>gerwctldne</span> <span class='ocrx_word' id='word_1_153' title='bbox 639 346 695 398; x_wconf 79' lang='lat' dir='ltr'>(sict)</span> <span class='ocrx_word' id='word_1_154' title='bbox 712 347 733 384; x_wconf 88' lang='lat' dir='ltr'>in</span> <span class='ocrx_word' id='word_1_155' title='bbox 749 346 865 397; x_wconf 84' lang='lat' dir='ltr'>principatu</span> <span class='ocrx_word' id='word_1_156' title='bbox 873 347 919 384; x_wconf 84' lang='lat' dir='ltr'>mo-</span> 
     </span>
     <span class='ocr_line' id='line_1_40' title="bbox 506 417 870 456; baseline -0.008 0"><span class='ocrx_word' id='word_1_157' title='bbox 506 419 626 456; x_wconf 78' lang='lat' dir='ltr'>hasteriensi</span> <span class='ocrx_word' id='word_1_158' title='bbox 641 418 663 456; x_wconf 91' lang='lat' dir='ltr'>in</span> <span class='ocrx_word' id='word_1_159' title='bbox 676 424 730 456; x_wconf 89' lang='lat' dir='ltr'>terra</span> <span class='ocrx_word' id='word_1_160' title='bbox 744 417 870 455; x_wconf 85' lang='lat' dir='ltr'>Westlalica.</span> 
     </span>
    </p>
   </div>
   <div class='ocr_carea' id='block_1_15' title="bbox 507 612 922 867">
    <p class='ocr_par' dir='ltr' id='par_1_15' title="bbox 507 612 922 867">
     <span class='ocr_line' id='line_1_41' title="bbox 533 612 921 664; baseline -0.003 -13"><span class='ocrx_word' id='word_1_161' title='bbox 533 615 555 652; x_wconf 86' lang='lat' dir='ltr'>ln</span> <span class='ocrx_word' id='word_1_162' title='bbox 569 614 632 664; x_wconf 86' lang='lat' dir='ltr'>prima</span> <span class='ocrx_word' id='word_1_163' title='bbox 648 618 715 650; x_wconf 85' lang='lat' dir='ltr'>aetate</span> <span class='ocrx_word' id='word_1_164' title='bbox 730 613 809 650; x_wconf 84' lang='lat' dir='ltr'>scholas</span> <span class='ocrx_word' id='word_1_165' title='bbox 823 612 921 663; x_wconf 83' lang='lat' dir='ltr'>frequen-</span> 
     </span>
     <span class='ocr_line' id='line_1_42' title="bbox 507 683 922 734; baseline -0.01 -11"><span class='ocrx_word' id='word_1_166' title='bbox 507 686 558 723; x_wconf 85' lang='lat' dir='ltr'>tavit</span> <span class='ocrx_word' id='word_1_167' title='bbox 570 686 661 723; x_wconf 85' lang='lat' dir='ltr'>Fratrum</span> <span class='ocrx_word' id='word_1_168' title='bbox 681 686 697 724; x_wconf 87' lang='lat' dir='ltr'>F</span> <span class='ocrx_word' id='word_1_169' title='bbox 699 687 871 730; x_wconf 85' lang='lat' dir='ltr'>ranciscauorum,</span> <span class='ocrx_word' id='word_1_170' title='bbox 886 683 922 734; x_wconf 87' lang='lat' dir='ltr'>qui</span> 
     </span>
     <span class='ocr_line' id='line_1_43' title="bbox 507 755 922 810; baseline 0.005 -16"><span class='ocrx_word' id='word_1_171' title='bbox 507 762 555 794; x_wconf 90' lang='lat' dir='ltr'>tune</span> <span class='ocrx_word' id='word_1_172' title='bbox 575 755 666 794; x_wconf 83' lang='lat' dir='ltr'>Rheinao</span> <span class='ocrx_word' id='word_1_173' title='bbox 686 757 793 808; x_wconf 79' lang='lat' dir='ltr'>collegium</span> <span class='ocrx_word' id='word_1_174' title='bbox 819 758 862 810; x_wconf 77' lang='lat' dir='ltr'>sire</span> <span class='ocrx_word' id='word_1_175' title='bbox 888 768 922 805; x_wconf 76' lang='lat' dir='ltr'>gy·</span> 
     </span>
     <span class='ocr_line' id='line_1_44' title="bbox 507 827 789 867; baseline 0.011 -5"><span class='ocrx_word' id='word_1_176' title='bbox 507 827 606 864; x_wconf 84' lang='lat' dir='ltr'>mansium</span> <span class='ocrx_word' id='word_1_177' title='bbox 621 827 789 867; x_wconf 86' lang='lat' dir='ltr'>moderabantur.</span> 
     </span>
    </p>
   </div>
   <div class='ocr_carea' id='block_1_16' title="bbox 510 1018 925 1343">
    <p class='ocr_par' dir='ltr' id='par_1_16' title="bbox 510 1018 925 1343">
     <span class='ocr_line' id='line_1_45' title="bbox 537 1018 921 1074; baseline -0.003 -16"><span class='ocrx_word' id='word_1_178' title='bbox 537 1021 567 1058; x_wconf 91' lang='lat' dir='ltr'>lbi</span> <span class='ocrx_word' id='word_1_179' title='bbox 582 1019 630 1058; x_wconf 89' lang='lat' dir='ltr'>inde</span> <span class='ocrx_word' id='word_1_180' title='bbox 648 1018 673 1057; x_wconf 91' lang='lat' dir='ltr'>ab</span> <span class='ocrx_word' id='word_1_181' title='bbox 688 1031 742 1057; x_wconf 89' lang='lat' dir='ltr'>anno</span> <span class='ocrx_word' id='word_1_182' title='bbox 758 1019 836 1074; x_wconf 74' lang='lat'>17851)</span> <span class='ocrx_word' id='word_1_183' title='bbox 857 1032 921 1071; x_wconf 82' lang='lat' dir='ltr'>usque</span> 
     </span>
     <span class='ocr_line' id='line_1_46' title="bbox 510 1091 923 1143; baseline -0.002 -14"><span class='ocrx_word' id='word_1_184' title='bbox 510 1093 535 1129; x_wconf 88' lang='lat' dir='ltr'>ad</span> <span class='ocrx_word' id='word_1_185' title='bbox 546 1092 597 1130; x_wconf 70' lang='lat'>1792</span> <span class='ocrx_word' id='word_1_186' title='bbox 611 1093 726 1143; x_wconf 84' lang='lat' dir='ltr'>permansit.</span> <span class='ocrx_word' id='word_1_187' title='bbox 751 1091 794 1129; x_wconf 88' lang='lat' dir='ltr'>lloc</span> <span class='ocrx_word' id='word_1_188' title='bbox 810 1104 864 1129; x_wconf 89' lang='lat' dir='ltr'>anuo</span> <span class='ocrx_word' id='word_1_189' title='bbox 875 1092 923 1129; x_wconf 86' lang='lat' dir='ltr'>ato-</span> 
     </span>
     <span class='ocr_line' id='line_1_47' title="bbox 510 1163 923 1214; baseline -0.005 -13"><span class='ocrx_word' id='word_1_190' title='bbox 510 1164 620 1201; x_wconf 88' lang='lat' dir='ltr'>nasterium</span> <span class='ocrx_word' id='word_1_191' title='bbox 637 1175 660 1199; x_wconf 88' lang='lat' dir='ltr'>se</span> <span class='ocrx_word' id='word_1_192' title='bbox 673 1163 771 1210; x_wconf 88' lang='lat' dir='ltr'>contulit,</span> <span class='ocrx_word' id='word_1_193' title='bbox 792 1170 816 1201; x_wconf 84' lang='lat' dir='ltr'>ut</span> <span class='ocrx_word' id='word_1_194' title='bbox 831 1163 923 1214; x_wconf 85' lang='lat' dir='ltr'>pbiloso-</span> 
     </span>
     <span class='ocr_line' id='line_1_48' title="bbox 511 1233 925 1285; baseline 0.002 -14"><span class='ocrx_word' id='word_1_195' title='bbox 511 1235 573 1285; x_wconf 83' lang='lat' dir='ltr'>pbiae</span> <span class='ocrx_word' id='word_1_196' title='bbox 595 1246 673 1272; x_wconf 86' lang='lat' dir='ltr'>cursum</span> <span class='ocrx_word' id='word_1_197' title='bbox 696 1233 718 1271; x_wconf 85' lang='lat' dir='ltr'>in</span> <span class='ocrx_word' id='word_1_198' title='bbox 736 1234 870 1273; x_wconf 81' lang='lat' dir='ltr'>universitate</span> <span class='ocrx_word' id='word_1_199' title='bbox 890 1235 925 1272; x_wconf 87' lang='lat' dir='ltr'>ia-</span> 
     </span>
     <span class='ocr_line' id='line_1_49' title="bbox 512 1304 600 1343; baseline 0 -1"><span class='ocrx_word' id='word_1_200' title='bbox 512 1304 600 1343; x_wconf 88' lang='lat' dir='ltr'>choarct.</span> 
     </span>
    </p>
   </div>
   <div class='ocr_carea' id='block_1_17' title="bbox 513 1491 927 1906">
    <p class='ocr_par' dir='ltr' id='par_1_17' title="bbox 513 1491 927 1906">
     <span class='ocr_line' id='line_1_50' title="bbox 539 1491 923 1552; baseline 0 -15"><span class='ocrx_word' id='word_1_201' title='bbox 539 1500 567 1538; x_wconf 85' lang='lat' dir='ltr'>Ec</span> <span class='ocrx_word' id='word_1_202' title='bbox 581 1503 673 1552; x_wconf 88' lang='lat' dir='ltr'>tempore</span> <span class='ocrx_word' id='word_1_203' title='bbox 687 1500 746 1539; x_wconf 86' lang='lat' dir='ltr'>inea</span> <span class='ocrx_word' id='word_1_204' title='bbox 760 1491 891 1539; x_wconf 77' lang='lat' dir='ltr'>universitate</span> <span class='ocrx_word' id='word_1_205' title='bbox 904 1502 923 1539; x_wconf 85' lang='lat' dir='ltr'>P.</span> 
     </span>
     <span class='ocr_line' id='line_1_51' title="bbox 515 1572 924 1623; baseline 0.002 -14"><span class='ocrx_word' id='word_1_206' title='bbox 515 1572 658 1612; x_wconf 75' lang='lat' dir='ltr'>Ucberwasscr</span> <span class='ocrx_word' id='word_1_207' title='bbox 680 1573 812 1612; x_wconf 81' lang='lat' dir='ltr'>theoreticam</span> <span class='ocrx_word' id='word_1_208' title='bbox 831 1572 924 1623; x_wconf 87' lang='lat' dir='ltr'>philoso-</span> 
     </span>
     <span class='ocr_line' id='line_1_52' title="bbox 513 1642 925 1696; baseline 0.01 -19"><span class='ocrx_word' id='word_1_209' title='bbox 513 1642 592 1692; x_wconf 83' lang='lat' dir='ltr'>phiam,</span> <span class='ocrx_word' id='word_1_210' title='bbox 611 1644 734 1696; x_wconf 76' lang='lat' dir='ltr'>Kremclr&#39;ng</span> <span class='ocrx_word' id='word_1_211' title='bbox 756 1644 812 1694; x_wconf 74' lang='lat' dir='ltr'>(sici)</span> <span class='ocrx_word' id='word_1_212' title='bbox 828 1643 925 1681; x_wconf 87' lang='lat' dir='ltr'>moralem</span> 
     </span>
     <span class='ocr_line' id='line_1_53' title="bbox 515 1713 926 1764; baseline 0.007 -16"><span class='ocrx_word' id='word_1_213' title='bbox 515 1713 673 1764; x_wconf 79' lang='lat' dir='ltr'>philosophiam,</span> <span class='ocrx_word' id='word_1_214' title='bbox 689 1717 741 1752; x_wconf 81' lang='lat' dir='ltr'>Gerz</span> <span class='ocrx_word' id='word_1_215' title='bbox 757 1714 926 1760; x_wconf 81' lang='lat' dir='ltr'>mathematicam,</span> 
     </span>
     <span class='ocr_line' id='line_1_54' title="bbox 515 1785 927 1838; baseline 0.002 -16"><span class='ocrx_word' id='word_1_216' title='bbox 515 1786 599 1823; x_wconf 65' lang='lat' dir='ltr'>Balaam*</span> <span class='ocrx_word' id='word_1_217' title='bbox 606 1785 715 1836; x_wconf 82' lang='lat' dir='ltr'>physicam,</span> <span class='ocrx_word' id='word_1_218' title='bbox 726 1785 864 1825; x_wconf 75' lang='lat' dir='ltr'>Kiszemawen</span> <span class='ocrx_word' id='word_1_219' title='bbox 871 1786 907 1838; x_wconf 87' lang='lat' dir='ltr'>(sic</span> <span class='ocrx_word' id='word_1_220' title='bbox 913 1786 927 1838; x_wconf 83' lang='lat' dir='ltr'>l)</span> 
     </span>
     <span class='ocr_line' id='line_1_55' title="bbox 518 1855 770 1906; baseline 0.02 -15"><span class='ocrx_word' id='word_1_221' title='bbox 518 1855 649 1906; x_wconf 87' lang='lat' dir='ltr'>philologiam</span> <span class='ocrx_word' id='word_1_222' title='bbox 663 1857 770 1896; x_wconf 87' lang='lat' dir='ltr'>docebant.</span> 
     </span>
    </p>
   </div>
   <div class='ocr_carea' id='block_1_18' title="bbox 519 1979 928 2104">
    <p class='ocr_par' dir='ltr' id='par_1_18' title="bbox 519 1979 928 2104">
     <span class='ocr_line' id='line_1_56' title="bbox 559 1979 928 2029; baseline 0 -14"><span class='ocrx_word' id='word_1_223' title='bbox 559 1980 615 2017; x_wconf 81' lang='lat' dir='ltr'>Anno</span> <span class='ocrx_word' id='word_1_224' title='bbox 637 1979 689 2017; x_wconf 67' lang='lat'>1794</span> <span class='ocrx_word' id='word_1_225' title='bbox 708 1993 786 2025; x_wconf 80' lang='lat' dir='ltr'>cursam</span> <span class='ocrx_word' id='word_1_226' title='bbox 812 1980 928 2029; x_wconf 76' lang='lat' dir='ltr'>theologiae</span> 
     </span>
     <span class='ocr_line' id='line_1_57' title="bbox 519 2050 928 2104; baseline 0.007 -18"><span class='ocrx_word' id='word_1_227' title='bbox 519 2050 593 2086; x_wconf 80' lang='lat' dir='ltr'>ibidem</span> <span class='ocrx_word' id='word_1_228' title='bbox 604 2051 703 2100; x_wconf 78' lang='lat' dir='ltr'>ingressus</span> <span class='ocrx_word' id='word_1_229' title='bbox 711 2058 748 2097; x_wconf 87' lang='lat' dir='ltr'>est,</span> <span class='ocrx_word' id='word_1_230' title='bbox 762 2055 928 2104; x_wconf 77' lang='lat' dir='ltr'>professoresque</span> 
     </span>
    </p>
   </div>
   <div class='ocr_carea' id='block_1_19' title="bbox 519 2120 929 2175">
    <p class='ocr_par' dir='ltr' id='par_1_19' title="bbox 519 2120 929 2175">
     <span class='ocr_line' id='line_1_58' title="bbox 519 2120 929 2175; baseline 0.005 -18"><span class='ocrx_word' id='word_1_231' title='bbox 519 2120 593 2159; x_wconf 85' lang='lat' dir='ltr'>habuit</span> <span class='ocrx_word' id='word_1_232' title='bbox 614 2121 634 2158; x_wconf 83' lang='grc' dir='ltr'>Ρ.</span> <span class='ocrx_word' id='word_1_233' title='bbox 649 2122 803 2164; x_wconf 70' lang='grc' dir='ltr'><em>Γον-ΚεηιὸθεΙῑ</em></span> <span class='ocrx_word' id='word_1_234' title='bbox 818 2124 874 2174; x_wconf 76' lang='lat' dir='ltr'>(sici)</span> <span class='ocrx_word' id='word_1_235' title='bbox 893 2125 929 2175; x_wconf 82' lang='lat' dir='ltr'>qui</span> 
     </span>
    </p>
   </div>
   <div class='ocr_carea' id='block_1_20' title="bbox 507 2193 930 2245">
    <p class='ocr_par' dir='ltr' id='par_1_20' title="bbox 507 2193 930 2245">
     <span class='ocr_line' id='line_1_59' title="bbox 507 2193 930 2245; baseline 0.005 -15"><span class='ocrx_word' id='word_1_236' title='bbox 507 2193 690 2230; x_wconf 86' lang='lat' dir='ltr'>introductionem</span> <span class='ocrx_word' id='word_1_237' title='bbox 713 2194 735 2232; x_wconf 89' lang='lat' dir='ltr'>in</span> <span class='ocrx_word' id='word_1_238' title='bbox 759 2195 882 2245; x_wconf 81' lang='lat' dir='ltr'>theologiam</span> <span class='ocrx_word' id='word_1_239' title='bbox 910 2200 930 2232; x_wconf 87' lang='lat' dir='ltr'>et</span> 
     </span>
    </p>
   </div>
   <div class='ocr_carea' id='block_1_21' title="bbox 521 2264 929 2314">
    <p class='ocr_par' dir='ltr' id='par_1_21' title="bbox 521 2264 929 2314">
     <span class='ocr_line' id='line_1_60' title="bbox 521 2264 929 2314; baseline 0.005 -13"><span class='ocrx_word' id='word_1_240' title='bbox 521 2266 541 2302; x_wconf 88' lang='lat' dir='ltr'>iu</span> <span class='ocrx_word' id='word_1_241' title='bbox 562 2264 694 2314; x_wconf 75' lang='lat' dir='ltr'>dogmaticam</span> <span class='ocrx_word' id='word_1_242' title='bbox 717 2266 816 2311; x_wconf 81' lang='lat' dir='ltr'>docebat,</span> <span class='ocrx_word' id='word_1_243' title='bbox 839 2266 929 2305; x_wconf 79' lang='lat' dir='ltr'>Sabace-</span> 
     </span>
    </p>
   </div>
   <div class='ocr_carea' id='block_1_22' title="bbox 521 2334 930 2385">
    <p class='ocr_par' dir='ltr' id='par_1_22' title="bbox 521 2334 930 2385">
     <span class='ocr_line' id='line_1_61' title="bbox 521 2334 930 2385; baseline -0.007 -13"><span class='ocrx_word' id='word_1_244' title='bbox 521 2335 612 2385; x_wconf 78' lang='lat' dir='ltr'>semberg</span> <span class='ocrx_word' id='word_1_245' title='bbox 632 2335 667 2385; x_wconf 69' lang='lat' dir='ltr'>&lt;lui</span> <span class='ocrx_word' id='word_1_246' title='bbox 687 2336 812 2384; x_wconf 80' lang='lat' dir='ltr'>theologiam</span> <span class='ocrx_word' id='word_1_247' title='bbox 833 2334 930 2370; x_wconf 89' lang='lat' dir='ltr'>moralem</span> 
     </span>
    </p>
   </div>
   <div class='ocr_carea' id='block_1_23' title="bbox 523 2404 931 2455">
    <p class='ocr_par' dir='ltr' id='par_1_23' title="bbox 523 2404 931 2455">
     <span class='ocr_line' id='line_1_62' title="bbox 523 2404 931 2455; baseline -0.005 -12"><span class='ocrx_word' id='word_1_248' title='bbox 523 2411 543 2443; x_wconf 87' lang='lat' dir='ltr'>et</span> <span class='ocrx_word' id='word_1_249' title='bbox 556 2405 666 2442; x_wconf 86' lang='lat' dir='ltr'>nonnullos</span> <span class='ocrx_word' id='word_1_250' title='bbox 686 2404 811 2455; x_wconf 82' lang='lat' dir='ltr'>dogmaticae</span> <span class='ocrx_word' id='word_1_251' title='bbox 826 2406 882 2442; x_wconf 87' lang='lat' dir='ltr'>iocos</span> <span class='ocrx_word' id='word_1_252' title='bbox 896 2418 931 2441; x_wconf 85' lang='lat' dir='ltr'>ea-</span> 
     </span>
    </p>
   </div>
   <div class='ocr_carea' id='block_1_24' title="bbox 523 2475 934 2811">
    <p class='ocr_par' dir='ltr' id='par_1_24' title="bbox 523 2475 934 2811">
     <span class='ocr_line' id='line_1_63' title="bbox 523 2475 932 2528; baseline 0.005 -18"><span class='ocrx_word' id='word_1_253' title='bbox 523 2475 626 2525; x_wconf 85' lang='lat' dir='ltr'>ponebat,</span> <span class='ocrx_word' id='word_1_254' title='bbox 637 2476 752 2528; x_wconf 80' lang='lat' dir='ltr'>-Br&#39;c&#39;utgeus</span> <span class='ocrx_word' id='word_1_255' title='bbox 776 2479 811 2528; x_wconf 80' lang='lat' dir='ltr'>qui</span> <span class='ocrx_word' id='word_1_256' title='bbox 829 2476 932 2513; x_wconf 89' lang='lat' dir='ltr'>historiam</span> 
     </span>
     <span class='ocr_line' id='line_1_64' title="bbox 524 2534 933 2598; baseline 0 -14"><span class='ocrx_word' id='word_1_257' title='bbox 524 2547 692 2592; x_wconf 82' lang='lat' dir='ltr'>ecclesiasticam,</span> <span class='ocrx_word' id='word_1_258' title='bbox 712 2534 784 2585; x_wconf 74' lang='lat' dir='ltr'>Allars</span> <span class='ocrx_word' id='word_1_259' title='bbox 798 2548 834 2598; x_wconf 86' lang='lat' dir='ltr'>qui</span> <span class='ocrx_word' id='word_1_260' title='bbox 849 2547 933 2584; x_wconf 90' lang='lat' dir='ltr'>theolo-</span> 
     </span>
     <span class='ocr_line' id='line_1_65' title="bbox 524 2617 933 2669; baseline 0.005 -16"><span class='ocrx_word' id='word_1_261' title='bbox 524 2620 577 2668; x_wconf 81' lang='lat' dir='ltr'>giam</span> <span class='ocrx_word' id='word_1_262' title='bbox 591 2619 727 2667; x_wconf 81' lang='lat' dir='ltr'>pastoralem,</span> <span class='ocrx_word' id='word_1_263' title='bbox 744 2618 825 2657; x_wconf 78' lang='lat' dir='ltr'>Gorlrerz</span> <span class='ocrx_word' id='word_1_264' title='bbox 840 2617 897 2669; x_wconf 77' lang='lat' dir='ltr'>(sici)</span> <span class='ocrx_word' id='word_1_265' title='bbox 913 2624 933 2655; x_wconf 87' lang='lat' dir='ltr'>et</span> 
     </span>
     <span class='ocr_line' id='line_1_66' title="bbox 525 2688 934 2742; baseline -0.002 -15"><span class='ocrx_word' id='word_1_266' title='bbox 525 2697 594 2742; x_wconf 86' lang='lat' dir='ltr'>postea</span> <span class='ocrx_word' id='word_1_267' title='bbox 623 2688 778 2729; x_wconf 69' lang='lat' dir='ltr'>Karenmasler</span> <span class='ocrx_word' id='word_1_268' title='bbox 805 2688 870 2740; x_wconf 52' lang='lat' dir='ltr'>(Jsicl)</span> <span class='ocrx_word' id='word_1_269' title='bbox 897 2690 934 2740; x_wconf 85' lang='lat' dir='ltr'>qui</span> 
     </span>
     <span class='ocr_line' id='line_1_67' title="bbox 526 2762 751 2811; baseline 0.009 -13"><span class='ocrx_word' id='word_1_270' title='bbox 526 2762 617 2811; x_wconf 81' lang='lat' dir='ltr'>eaegeshi</span> <span class='ocrx_word' id='word_1_271' title='bbox 625 2762 751 2802; x_wconf 82' lang='lat' dir='ltr'>tractabant.</span> 
     </span>
    </p>
   </div>
   <div class='ocr_carea' id='block_1_25' title="bbox 527 2954 935 3080">
    <p class='ocr_par' dir='ltr' id='par_1_25' title="bbox 527 2954 935 3080">
     <span class='ocr_line' id='line_1_68' title="bbox 551 2954 935 3010; baseline -0.008 -16"><span class='ocrx_word' id='word_1_272' title='bbox 551 2958 717 3010; x_wconf 73' lang='lat' dir='ltr'>Quamprimum</span> <span class='ocrx_word' id='word_1_273' title='bbox 732 2955 849 3004; x_wconf 81' lang='lat' dir='ltr'>theologiae</span> <span class='ocrx_word' id='word_1_274' title='bbox 868 2954 935 2993; x_wconf 86' lang='lat' dir='ltr'>studia</span> 
     </span>
     <span class='ocr_line' id='line_1_69' title="bbox 527 3025 935 3080; baseline -0.005 -15"><span class='ocrx_word' id='word_1_275' title='bbox 527 3030 625 3080; x_wconf 81' lang='lat' dir='ltr'>ingressus</span> <span class='ocrx_word' id='word_1_276' title='bbox 641 3027 800 3073; x_wconf 86' lang='lat' dir='ltr'>estllermesius,</span> <span class='ocrx_word' id='word_1_277' title='bbox 816 3028 881 3065; x_wconf 77' lang='lat' dir='ltr'>variae</span> <span class='ocrx_word' id='word_1_278' title='bbox 895 3025 935 3064; x_wconf 79' lang='lat' dir='ltr'>du-</span> 
     </span>
    </p>
   </div>
   <div class='ocr_carea' id='block_1_26' title="bbox 549 3175 787 3217">
    <p class='ocr_par' dir='ltr' id='par_1_26' title="bbox 549 3175 787 3217">
     <span class='ocr_line' id='line_1_70' title="bbox 549 3175 787 3217; baseline -0.025 -7"><span class='ocrx_word' id='word_1_279' title='bbox 549 3177 564 3217; x_wconf 69' lang='lat'>1)</span> <span class='ocrx_word' id='word_1_280' title='bbox 577 3177 623 3210; x_wconf 68' lang='lat' dir='ltr'>lissa.</span> <span class='ocrx_word' id='word_1_281' title='bbox 634 3177 700 3210; x_wconf 80' lang='lat' dir='ltr'>Falsum</span> <span class='ocrx_word' id='word_1_282' title='bbox 713 3178 739 3208; x_wconf 86' lang='lat' dir='ltr'>est</span> <span class='ocrx_word' id='word_1_283' title='bbox 750 3175 787 3206; x_wconf 75' lang='lat' dir='ltr'>hoo.</span> 
     </span>
    </p>
   </div>
   <div class='ocr_carea' id='block_1_27' title="bbox 0 0 1022 3399">
    <p class='ocr_par' dir='ltr' id='par_1_27' title="bbox 0 0 1022 3399">
     <span class='ocr_line' id='line_1_71' title="bbox 0 0 1022 3399; baseline 0 0"><span class='ocrx_word' id='word_1_284' title='bbox 0 0 1022 3399; x_wconf 95' lang='lat' dir='ltr'> </span> 
     </span>
    </p>
   </div>
  </div>
 </body>
</html>
