1979 3399
415 70 615 121 -190—

89 212 201 272 subrues,
226 217 249 258 tu
270 212 372 257 homines
395 212 418 257 in
434 211 598 259 lrcterodoxiac
618 214 771 272 suspicionem
790 214 945 273 addensari

88 299 193 353 tanquam
211 293 358 339 illustrissima
377 293 478 353 exempla
493 295 515 339 in
533 293 631 340 ccclcsia
648 294 759 340 catholica
774 296 868 356 fulgent,
885 310 944 357 quo-

88 392 137 423 rum
154 378 245 422 nomina
261 376 285 421 in
301 377 350 436 ipso
366 377 499 424 Sanctorum
518 377 568 422 albo
586 377 711 437 splendent.
743 376 843 423 Eaedem
861 392 944 424 causae

88 458 179 503 cosdem
203 457 296 503 effectus
322 459 427 505 efficiunt.
470 460 543 514 Quare
565 460 584 505 si
599 458 658 505 hacc
675 458 788 504 distinctio
808 460 866 518 apud
884 460 944 506 Her-

85 542 179 586 mesiurn
202 541 231 586 ad
254 543 398 589 eversionem
414 543 530 604 religionis
547 541 688 599 catholicae,
710 540 739 586 ad
755 541 942 588 Socinianismum

86 622 185 678 adduxit,
202 623 262 668 idem
280 624 362 671 lecerit
374 639 470 671 necesse
487 631 521 671 est
538 624 596 684 apud
613 635 692 669 omnes
709 627 799 668 ceteros
815 621 944 684 theologos,

87 707 125 766 qui
142 705 202 751 lianc
227 705 395 753 distinctionem
417 709 441 752 in
464 707 579 767 theologia
604 705 759 752 adhibuerunt.
800 706 854 750 Turn
870 711 944 751 autem

88 788 149 847 quod
166 793 190 833 tu
208 788 326 834 contendis
342 791 366 834 in
381 795 449 834 totam
467 788 588 834 ecclesiam
602 789 735 834 catholicam
750 791 773 831 et
784 787 904 845 praecipue
922 788 945 831 in

88 868 181 913 Romam
199 867 272 914 cadit:
292 867 323 913 ibi
339 869 398 913 enirn
409 868 466 913 lraec
479 869 591 913 distinctio
606 869 678 927 palam
690 873 712 913 et
721 869 811 912 nemine
822 867 946 914 reluctante

90 949 149 993 lacta
167 950 215 994 estl
238 950 285 994 larn
301 950 558 1012 111111111111,Ρ1111111117
574 950 613 995 ubi
631 949 759 995 consistas!
776 948 809 993 lbi
827 954 851 993 tu
868 949 947 994 consi-

90 1030 139 1086 stis,
156 1028 195 1073 nbi
210 1042 292 1075 revera
303 1035 379 1089 partes
396 1036 447 1081 tuae
466 1035 531 1087 sunt,
549 1033 572 1074 in
588 1030 720 1075 certissimis
735 1029 849 1075 ecclesiae
864 1029 946 1075 catho-

89 1111 148 1155 licac
164 1111 275 1156 inimicis!

153 1193 199 1240 Sed
222 1192 252 1237 ad
268 1193 364 1237 animum
383 1198 440 1237 tuum
457 1192 580 1237 sedandum
599 1193 700 1253 egotibi
718 1192 799 1249 dicam,
817 1191 880 1257 nilrili
896 1203 947 1236 esse

90 1286 195 1332 magnum
211 1278 272 1318 tuum
290 1275 417 1331 inventum,
432 1287 525 1332 prorsus
541 1274 609 1319 nihili.
644 1274 760 1319 Rationem
777 1275 836 1318 enim
857 1272 948 1316 tltcorc-

91 1354 161 1399 ticum
183 1357 205 1397 ct
225 1353 354 1409 practicam
376 1353 521 1411 distinxisse,
546 1354 591 1398 lroc
610 1356 712 1400 meritum
735 1368 810 1415 neque
830 1354 947 1399 Herrnesio

91 1447 165 1493 neque
180 1433 262 1478 llantio
284 1433 384 1478 debetur.
416 1435 462 1480 Diu
476 1441 528 1480 ante
548 1436 606 1480 haec
622 1435 734 1481 distinctio
752 1436 838 1480 Romae
856 1437 948 1495 cognita

91 1516 138 1561 luit.
173 1514 263 1560 Scilicet
279 1527 328 1560 eam
346 1515 511 1561 distinctionem
527 1517 615 1562 induxit
635 1518 687 1575 vir,
711 1519 748 1576 qui
770 1530 811 1576 per
828 1529 901 1561 annos
918 1517 947 1561 at

92 1599 176 1644 Romae
195 1596 271 1643 docuit
287 1598 311 1642 in
329 1597 409 1643 codem
429 1598 542 1658 collegio,
559 1601 582 1657 in
602 1612 646 1658 quc
670 1604 694 1644 tu
713 1599 859 1644 cummaxime
876 1602 949 1642 tantas

92 1678 168 1724 turbas
186 1677 250 1722 lacis.
282 1677 368 1722 Evolve
392 1690 477 1736 quaeso
502 1680 627 1742 orationem
649 1679 741 1723 Antonii
761 1679 841 1722 lllureti
863 1677 890 1722 dc
912 1676 950 1721 sui

93 1758 217 1817 cognitione
241 1757 310 1814 deduc
328 1756 429 1801 onatilius
445 1758 537 1802 lcurncni
559 1759 627 1802 clarinti
642 1757 802 1816 fdcrtltutilrus,
818 1757 893 1816 illique
911 1757 949 1802 lc-

94 1853 151 1900 gas:
170 1838 241 1896 „Quid
258 1850 321 1882 mens
336 1840 426 1896 proprio
445 1838 541 1897 qrrithue
558 1838 652 1884 διάνοια
669 1840 705 1896 sit,
721 1838 824 1895 diximus,
842 1838 949 1897 simulque

95 1920 173 1980 paucis
192 1933 242 1964 curn
258 1919 384 1978 sapientiae
400 1923 446 1962 turn
463 1920 572 1964 scientiae
589 1921 699 1979 originem
710 1919 854 1964 ostendimus.
888 1919 950 1973 Qua-

95 2015 144 2046 rum
161 2006 254 2058 utraquc
269 2000 298 2044 ad
314 2014 362 2045 earn
376 2001 421 2044 virn
437 2002 517 2045 mentis
534 2001 644 2059 pertinet,
659 2014 724 2059 (pram
742 1999 835 2056 Graeci,
852 1999 918 2045 ducto
936 2013 950 2045 a

96 2081 284 2140 contemplatione
296 2080 415 2137 vocabulo,
429 2082 486 2125 νοῦν
496 2078 643 2140 θεωρητικὸν
659 2082 781 2135 (rationem
790 2079 950 2138 theoreticam)

95 2168 184 2208 vocant.
217 2161 257 2206 Est
284 2162 344 2206 enim
366 2166 388 2205 et
408 2162 492 2222 altera,
515 2174 572 2219 quae
595 2160 622 2205 ab
647 2161 679 2205 eis
697 2160 777 2204 dicitur
794 2156 805 2203 ὁ
824 2157 951 2220 πρακτικὸς

96 2246 157 2302 νοῦς,
176 2249 213 2287 aut
229 2243 303 2288 latiori
319 2243 410 2287 nornine
427 2247 449 2287 et
464 2243 544 2301 aptiori
554 2242 582 2287 ad
594 2243 669 2287 omnia
681 2238 850 2299 complectenda
867 2237 878 2284 ὃ
895 2241 950 2293 νοῦς

98 2322 110 2366 ὁ
130 2324 154 2369 ἐν
169 2319 272 2385 ἑκάστῳ,
297 2324 361 2381 quasi
383 2328 406 2367 tu
430 2323 492 2366 dicas
508 2328 622 2380 mentem,
639 2335 695 2380 quae
711 2334 758 2365 rron
776 2321 912 2378 simplicem,
927 2325 951 2365 ut

97 2403 143 2457 illa,
158 2405 276 2449 veritatem
294 2404 337 2448 silvi
352 2405 490 2461 propositam
505 2404 602 2461 lrabeat,
618 2404 642 2448 in
659 2415 730 2460 eaque
748 2402 892 2459 acquiescat,
909 2400 951 2446 sed

98 2479 210 2525 referatur
226 2484 345 2538 praeterea
360 2480 416 2537 alio,
439 2486 463 2524 ut
479 2481 508 2525 ad
525 2481 651 2537 actionem,
668 2486 705 2525 aut
721 2480 750 2524 ad
766 2481 840 2538 operis
858 2480 950 2527 alicuius

98 2563 237 2608 molitionem
254 2564 276 2604 ct
291 2559 480 2615 affectandum).
514 2560 614 2606 Ollendis
635 2562 702 2621 igitur
723 2561 888 2607 distinctionem
911 2575 951 2607 ra-

97 2645 166 2692 tionis
183 2640 318 2686 tlrcorcticdc
334 2644 356 2683 et
369 2638 487 2696 practicae
503 2641 547 2685 iarn
565 2646 615 2686 ante
632 2641 722 2687 saccula
739 2641 783 2686 duo
798 2647 821 2687 et
837 2642 950 2687 dimidium

97 2727 121 2770 in
136 2727 184 2784 ipsa
200 2723 270 2768 urlrcl
287 2722 376 2778 Nemo,
392 2732 438 2765 non
451 2733 507 2779 papa
525 2722 647 2782 Gregorius
666 2722 731 2780 Xlll,
753 2735 799 2767 uon
815 2722 950 2780 cardinales,

98 2818 174 2851 coram
193 2804 272 2863 utribus
288 2802 387 2848 tluretus
412 2800 479 2845 toties
503 2801 568 2859 dixit,
592 2808 645 2847 tunc
669 2803 753 2849 Romae
770 2802 892 2860 intellexit,
906 2803 951 2847 lrac

98 2885 242 2930 distinctione
264 2883 398 2942 religionem
427 2880 541 2939 subverti,
565 2898 615 2928 eam
632 2883 711 2929 ducem
730 2898 781 2929 esse
799 2884 828 2928 ad
844 2884 950 2930 Socinia-¹

98 2968 202 3021 nismurn,
222 2964 251 3008 ad
266 2963 456 3008 Rationalismum.
489 2964 536 3009 Hoc
559 2965 647 3024 insigne
664 2967 777 3010 inventurn
794 2966 845 3021 tibi,
860 2966 895 3010 vir
910 2978 950 3009 sa-

98 3047 231 3106 gacissime,
253 3049 391 3089 reservatum
407 3047 461 3088 erat.
481 3068 508 3074 —
521 3044 568 3114 *Sed
582 3046 673 3107 lonqus
690 3047 756 3092 etiam
772 3060 846 3092 rerum
862 3057 950 3092 inemo-

139 3219 160 3271 1)
173 3217 247 3256 Mureti
260 3219 333 3270 Opera,
347 3218 396 3257 edit.
410 3216 526 3256 Ruhnkenii
541 3219 558 3255 T
560 3233 596 3256 om,
608 3222 623 3256 Ι.
639 3235 659 3272 p.
673 3220 705 3258 92.
