1979 3399
387 53 592 106 464-

57 209 125 269 bent,
147 224 268 269 uerarnque
284 208 395 254 Hermesii
414 209 594 255 innocentissimi
611 209 654 254 uiri
671 208 791 268 imaginem
807 209 920 255 luculente

59 294 81 336 iu
99 294 229 336 memoriam
246 292 390 347 animumque
407 293 530 347 revocant,
548 290 644 347 dumque
666 290 725 333 banc
746 291 865 348 imaginem
883 292 921 333 in-

58 376 144 431 spicio,
169 377 220 416 ante
248 373 346 417 animum
368 376 482 430 versatur,
499 384 565 430 quam
582 372 679 415 immane
696 370 754 414 haec
771 371 799 416 ab
823 363 920 414 inimicis

61 453 148 496 detorta
159 452 194 508 sit,
212 451 249 510 qui
266 464 316 496 eam
333 451 364 495 ita
382 451 543 507 deformarunt,
560 455 584 495 ut
600 452 696 509 agnosci
715 451 759 494 iam
778 451 919 508 nonpossitt

58 532 103 577 Sed
118 532 162 584 boc
181 532 235 576 mibi
251 532 373 590 proposui,
388 536 413 577 ut
431 532 498 578 animi
514 531 695 591 tranquillitatem
712 535 816 587 teneam,
836 535 861 576 ut
876 543 921 574 ne-

59 613 142 656 minem
155 612 220 657 vocis
237 611 341 657 libertate
353 612 512 671 perstringam,
530 615 553 655 ut
570 611 668 656 omnium
685 609 807 655 obliviscar
823 608 851 654 de
869 609 921 668 qtri-

58 692 100 735 bus
118 690 246 736 adversarii
263 692 384 736 etiamnum
400 697 476 736 tacent
492 696 514 735 et
527 691 663 748 quiescunt,
684 687 709 734 ot
732 676 829 747 pennam
845 690 921 748 potius

60 769 185 828 deponam,
208 783 274 829 quam
296 775 320 816 ut
343 771 463 830 quidquam
483 770 620 829 proloquar,
645 770 705 828 qrrod
721 770 751 815 ita
769 774 921 828 comparatum

60 849 99 905 sit,
125 854 149 893 ut
164 849 308 895 fervescente
325 852 436 909 sanguine
455 850 606 907 conscriptum
624 861 675 894 esse
692 854 807 907 appareat,
824 848 922 906 ideoque

60 930 105 972 cito
124 929 203 974 oculos
219 936 319 974 avertam
337 930 364 973 ab
381 930 424 974 bac
440 931 545 989 imagine,
561 930 642 975 dolore
658 942 717 985 meo,
735 929 851 973 advertam
869 928 922 971 l'atis

61 1005 197 1067 Laruptudtt,
215 1007 351 1065 Le-Braai,
370 1008 454 1053 Sodori
467 1014 503 1066 ¹),
525 1011 562 1067 qui
586 1009 700 1068 ignorati,
726 1006 922 1065 persecutionibus

60 1085 124 1142 petiti
148 1089 171 1129 et
189 1086 270 1144 partim
286 1086 438 1132 iniustissimis
455 1087 651 1146 persecutionibus
675 1086 837 1132 occubuerunt.
871 1086 920 1130 Cito

60 1177 97 1209 me
115 1164 249 1222 accingam,
274 1169 299 1208 ut
321 1153 391 1209 uerba
414 1178 472 1223 quae
494 1170 616 1225 sequrmtur
637 1177 666 1209 cx
685 1165 762 1223 lingua
786 1164 882 1222 Angtica
900 1166 922 1206 in

61 1243 212 1288 'theodiscam
228 1228 369 1288 convertam.
402 1245 458 1290 Nam
476 1258 520 1304 quo
537 1244 616 1289 molius
632 1257 660 1288 ac
682 1244 748 1288 citius
764 1243 832 1288 animi
849 1247 922 1287 motus

60 1322 169 1368 sedentur
185 1324 224 1368 uir
239 1324 371 1382 repedetur,
388 1337 454 1383 quarn
475 1324 586 1369 eiusmodi
602 1323 773 1381 interpretatio,
788 1323 921 1380 praesertim

60 1415 110 1446 cum
130 1403 180 1460 ipse
201 1415 276 1460 neque
297 1414 378 1448 versus
399 1416 473 1461 neque
496 1403 661 1460 respondentes
680 1402 723 1447 sibi
740 1415 847 1448 versuum
865 1401 923 1445 sincs

65 1494 135 1526 acere
152 1482 242 1540 possis!

260 1583 306 1620 The
321 1582 405 1633 loohing
419 1596 446 1633 up
461 1583 547 1632 fatigues
562 1582 597 1620 the
612 1581 674 1631 sight:

238 1652 284 1689 And
299 1653 390 1697 mortals,
404 1652 463 1689 when
478 1652 526 1700 they
541 1665 596 1698 soar,

238 1721 317 1759 should
331 1721 379 1770 they
396 1734 446 1758 once
463 1722 521 1758 reach
536 1735 547 1758 a
562 1724 641 1760 certain
653 1723 738 1772 height,
780 1737 784 1742 ¹

240 1790 273 1827 All
287 1790 336 1826 wish
351 1796 372 1826 to
389 1789 439 1826 bare
455 1791 509 1826 thern
527 1791 591 1836 loir'r,

240 1858 286 1895 And
301 1858 376 1895 l'riends
396 1859 453 1895 there
469 1872 502 1895 ace
517 1860 538 1895 in
556 1860 594 1897 this
609 1861 664 1910 good
677 1867 730 1897 town

241 1927 293 1966 Will
310 1927 359 1963 lend
373 1927 452 1964 abund
468 1935 488 1965 to
502 1928 550 1978 help
565 1929 619 1966 them
633 1929 721 1981 dcent).

262 2025 446 2065 Hinaulzuschau'n
460 2028 528 2065 rnacbt
543 2030 598 2066 mird'
612 2029 652 2066 den
668 2029 730 2067 Blich.
745 2052 770 2059 ·-

236 2098 281 2134 Den
296 2097 425 2134 sterblichen
439 2096 475 2134 der
489 2098 560 2146 steIgt,

235 2165 335 2204 Wiinscht
351 2166 474 2202 Jedermann
489 2165 562 2203 zuriick

234 2235 303 2273 Wenu
319 2246 340 2270 er
353 2233 386 2271 die
401 2234 453 2271 Hith'
466 2235 562 2280 erreicht,

236 2303 283 2339 Und
297 2303 375 2340 schnell
390 2304 425 2340 ihu
440 2304 514 2341 wieder
532 2303 687 2340 herabzuzieh'n

237 2371 308 2409 Reicbt
322 2372 418 2409 inancher
435 2373 515 2410 Freund
530 2373 563 2410 die
576 2373 636 2409 Idand
650 2373 690 2409 ibin
707 2372 751 2410 hin.

269 2471 316 2507 Alta
331 2470 448 2518 aspiciendo
466 2472 575 2519 fatigantur
590 2471 656 2507 oculi:

239 2537 336 2575 Mortales
352 2538 367 2574 si
384 2538 469 2574 sublime
483 2541 595 2576 elleruntur

237 2608 388 2659 Fastigiumque
404 2609 421 2645 si
435 2610 539 2659 assequuti
556 2615 613 2654 sunt,

70 2712 276 2721 m-m-

102 2773 123 2824 l)
138 2773 166 2809 De
182 2774 361 2819 insectationibus,
377 2773 522 2812 heterodoxiae
537 2776 710 2812 criminationibus
731 2783 752 2814 et
772 2775 921 2827 persecutioni-

142 2841 188 2887 bus,
203 2843 276 2893 quibus
291 2845 352 2880 etium
360 2845 453 2883 saltarus
469 2844 544 2892 petitus
560 2852 595 2890 est,
609 2846 725 2882 conferatur
735 2848 787 2883 vitae
802 2847 845 2884 eius
860 2860 920 2884 errar-

142 2911 199 2956 ratio,
215 2924 266 2961 quae
282 2914 358 2949 inserta
372 2913 447 2962 legitur
461 2913 483 2948 in
496 2913 572 2951 Horreo
588 2913 712 2952 sacerdotum
728 2916 843 2965 prouinciae
855 2918 920 2953 eccle-

140 2977 233 3014 siasticae
244 2978 269 3014 aet
285 2980 375 3017 Rhenum
391 2979 515 3030 superiorein
529 2983 568 3018 vol.
578 2984 604 3020 ll.
619 2983 708 3019 fascicul²
720 2982 739 3023 3.
757 2984 847 3034 Friburgi
864 2984 921 3035 1840,

141 3052 161 3081 et
177 3060 229 3096 quae
246 3049 275 3086 ibi
291 3051 385 3087 tamtum·
399 3052 501 3089 ntenrora'o
513 3052 596 3090 Saltem,
612 3053 717 3090 blonachii
734 3052 791 3089 1838Δ

105 3113 125 3160 2)
144 3104 233 3153 (tentetis
