1979 3399
408 88 611 137 -ooe-

79 225 221 274 dischmanni
243 225 354 285 collegam
371 225 441 272 fuisse
457 232 524 286 atque
550 227 611 272 iuxta
630 239 680 271 eum
697 227 861 288 philosophiam
887 241 941 287 pro-

78 308 164 354 fessum
182 320 241 354 esse.
274 308 337 362 Quae
355 308 463 369 deinceps
479 309 605 368 professori
622 321 668 353 erlo
688 307 784 354 saturo
803 311 942 369 acciderunt,

79 394 133 435 nota
148 393 206 434 sunt.

171 470 238 514 Anno
257 468 424 520 teta-toas
445 470 512 516 etiam
530 469 587 515 ordo
604 469 762 530 theologorum
780 469 942 516 catholicorum

79 548 102 592 in
118 548 265 594 universitate
278 549 394 596 Bonnensi
410 552 542 596 constitutus
561 555 602 596 est.
628 550 773 596 Professores
789 550 882 609 primum
899 550 942 595 ad-

78 627 131 674 sciti
147 635 210 674 erant
221 629 336 687 Grotzios,
353 634 398 675 tum
416 631 473 675 inter
488 630 609 688 theologos
627 628 752 674 catholicos
770 630 853 687 clarus,
870 628 941 674 Sebe-

79 721 128 767 ros,
146 711 258 769 gyrnrrasii
275 710 418 756 coloniensis
439 711 546 767 director,
570 714 592 754 et
615 708 781 768 Scbtcorzios,
811 709 941 755 consistorii

80 790 229 836 Confluentini
247 791 396 838 consiliarius.
413 791 507 835 Vixisti
524 790 565 835 viri
580 802 673 834 munere
689 803 730 836 suo
746 791 862 836 Bonnensi
878 789 941 848 limgi

79 876 212 928 coeperant,
231 884 281 915 cum
302 871 361 915 idem
379 870 599 925 tl'indisefnnannus,
617 870 654 929 qui
671 870 714 913 iam
730 870 816 915 ordinis
838 871 942 929 philoso-

79 948 173 1007 phorum
192 949 291 1009 collegas
310 952 332 995 in
349 950 492 1008 suspiciones
509 948 623 994 adducere
640 954 747 1008 coeperat
760 951 842 1009 quique
860 964 940 1009 qnam-

81 1043 147 1089 qnam
162 1030 222 1074 nullo
244 1030 352 1089 peculiari
372 1031 463 1076 vinculo
482 1031 534 1075 lunc
558 1031 715 1090 theologorum
742 1031 816 1076 ordini
838 1032 940 1076 adnexus

82 1114 147 1167 erat,
174 1124 227 1155 mou
246 1125 286 1157 eos
307 1112 430 1157 lacesseret
452 1117 475 1157 et
496 1112 520 1156 in
541 1111 694 1170 suspicionem
715 1111 880 1158 heterodoxiac
898 1112 941 1157 ad-

81 1189 166 1235 ducere
189 1196 293 1236 tentaret.
333 1193 361 1237 Ut
382 1205 427 1237 uno
446 1193 581 1237 documento
606 1206 654 1237 rem
676 1198 745 1237 totam
761 1193 940 1251 comprobemus,

80 1269 140 1315 haec
155 1283 184 1315 ex
200 1271 294 1329 epistola
310 1270 393 1316 G1·atzii
409 1271 438 1316 ad
448 1271 671 1317 Windischmannum
688 1274 739 1317 data
756 1271 837 1317 afferre
852 1273 940 1331 placet:

204 1370 289 1428 ,Quam
306 1369 385 1414 sedata
402 1375 466 1414 erant
485 1383 512 1414 ea
531 1383 588 1429 qtrae
606 1370 663 1416 ordo
681 1368 828 1428 significavit,
843 1372 887 1412 tam
903 1368 940 1412 in-

205 1449 305 1495 solentes
320 1448 409 1493 litterae
425 1453 497 1506 erant,
515 1463 569 1508 quas
587 1455 610 1495 tu
628 1451 731 1509 privatim
749 1450 777 1494 ad
797 1461 833 1493 ure
848 1447 938 1492 misisti:

204 1541 246 1573 eae
265 1529 325 1573 enim
341 1528 421 1586 plenae
438 1534 489 1574 sunt
505 1529 579 1574 stadio
597 1529 702 1587 zelotico,
727 1529 831 1587 cupidine
847 1529 939 1573 hetero-

205 1607 289 1653 doaeioe
304 1608 449 1653 suscitandae
467 1614 489 1653 et
505 1609 673 1665 contemptionis
689 1610 812 1654 rreoeeredoe
829 1608 938 1653 adversus

207 1691 311 1735 ordinem
328 1690 485 1748 theologorum
502 1689 671 1734 catholicorum.
703 1690 759 1735 Num
777 1691 796 1734 is
813 1690 856 1734 erit
871 1689 939 1733 nobi-

202 1768 232 1813 lis
255 1771 292 1815 ille
309 1760 476 1814 catholicisrnus
494 1768 658 1828 candidumque
682 1769 776 1814 fraterni
787 1770 884 1815 'arnoris
902 1770 939 1813 in-

203 1851 314 1908 genium?
340 1852 389 1904 Quo
408 1851 498 1895 tendent
515 1849 573 1895 haee
590 1850 687 1895 occlto-e
705 1849 785 1895 debent
800 1854 822 1894 et
837 1859 938 1894 eversura

207 1931 293 1975 scatere
719 1935 721 1938 ’

379 2035 440 2098 Deus
456 2047 521 2093 opem
539 2035 612 2080 ferat!

591 2115 749 2162 Deditissimus
765 2127 845 2159 servus

653 2208 692 2253 Dr.
711 2206 787 2252 Grote.

80 2385 116 2432 Ex
125 2386 159 2433 his
176 2388 260 2436 Gratzit
273 2393 351 2438 litteris
365 2392 401 2438 die
414 2393 442 2438 te
453 2406 481 2438 m.
490 2392 606 2438 Februarii
621 2406 641 2437 a.
656 2390 715 2437 teto
727 2388 815 2447 scriptis
831 2387 939 2446 intelligi-

82 2470 117 2511 tur
135 2467 188 2524 quid
203 2468 247 2513 ianr
263 2475 317 2515 tunc
333 2471 367 2515 rei
383 2471 475 2515 Bonnae
491 2475 604 2528 ageretur.
647 2469 776 2514 Hermesius
793 2474 838 2513 turn
852 2467 938 2513 ordinis

82 2546 172 2605 collega
195 2548 294 2593 nondum
312 2553 367 2605 erat,
385 2547 426 2591 sed
443 2549 465 2592 in
481 2549 537 2593 urbe
554 2548 684 2594 hlonasterii
700 2548 837 2607 theologiam
854 2547 938 2591 docere

79 2626 196 2686 pergebat.
236 2628 393 2674 Conditionem
416 2628 559 2673 Bonnenscm
583 2642 640 2690 quae
659 2629 680 2673 ei
702 2628 852 2684 offerebatur,
875 2626 939 2685 quasi

79 2709 244 2766 praesentisset
260 2709 384 2768 periculum
403 2695 463 2768 quod
480 2709 581 2769 suberat,
605 2710 642 2755 diu
659 2710 793 2768 multumque
816 2705 938 2752 recusavit.

80 2787 186 2833 Tarndem
204 2789 265 2848 quod
287 2789 433 2836 deferebatur
457 2790 550 2847 accepit.
590 2789 666 2849 ltaque
689 2789 717 2834 ab
734 2789 790 2834 urbe
807 2784 939 2831 hlonasterii

80 2880 159 2912 mense
168 2868 251 2928 Aprilis
269 2884 289 2915 a.
308 2870 368 2915 tseo
384 2867 499 2927 profectus
518 2873 569 2927 post
590 2869 661 2916 festos
679 2869 727 2914 dies
743 2867 861 2927 paschales
875 2865 939 2911 Bon-

79 2961 131 2992 nam
149 2950 258 3006 pervenit.
303 2949 429 3009 Westphali
454 2961 503 2993 cum
528 2949 645 2995 Hermesio
670 2949 756 2995 ordinis
779 2948 939 3008 theologorum

80 3027 265 3074 ltfonasteriensis
280 3030 348 3075 vitam
366 3030 469 3075 andttere
492 3028 534 3074 sihi
549 3030 694 3087 videbantur,
712 3028 815 3074 erenani
831 3034 939 3088 qrrotquot

81 3107 160 3152 litteris
178 3109 286 3155 favebant
301 3110 344 3155 sibi
361 3107 581 3169 congratulabantur.
601 3109 674 3161 >ltfulti
695 3121 773 3154 eorum
787 3110 826 3168 qui
842 3110 939 3156 Herme-

82 3190 140 3235 sium
157 3190 282 3251 audierant,
299 3205 349 3237 erun
358 3191 459 3236 Bonnam
474 3193 525 3235 sunt
541 3190 622 3236 secuti:
640 3202 669 3234 ne
689 3190 789 3250 plerique
805 3202 940 3235 omnesso-
