1979 3399
412 95 615 147 *976-

85 240 99 285 d
115 242 181 287 notre
198 238 285 295 affaire,
300 248 359 282 nous
375 236 531 284 derneurdnres
548 251 576 282 an
590 237 653 297 point
666 236 741 296 precis
754 235 852 285 oiruous
868 238 942 284 elleos

87 302 117 366 err
135 302 239 366 arrirant.
273 318 303 364 Le
319 319 524 365 urecoutentement
540 318 595 364 etait
612 317 743 364 ruanifeste“
760 308 789 375 ²]ss
828 316 874 363 Iam
893 329 942 363 curn

89 401 134 445 hoc
151 400 287 447 Lamennaei
312 402 473 447 commentario
497 402 576 447 confer
600 414 627 446 ea
652 413 709 461 quae
725 400 748 446 in
764 401 821 445 aclis
836 400 944 447 Rornanis

87 484 178 525 narrata
194 484 254 540 siml,
271 486 295 528 ut
312 494 401 527 omnent
415 494 463 527 rem
480 481 600 542 intelligas,
614 483 638 527 ul
651 481 764 542 intelligas
779 465 849 541 iniqui
863 486 885 526 et
902 494 943 525 ec-

86 561 171 607 clesiae
188 569 211 608 et
226 565 314 611 veritati
329 564 434 611 Per-rodii
447 568 513 612 artes.
531 563 597 619 Quod
612 577 668 609 vero
684 564 714 609 ad
730 577 757 608 ea
774 561 870 622 pertinet
885 576 944 621 qnae

84 643 228 703 professores
245 644 304 705 apud
321 644 448 691 cardinales
461 643 542 691 fecisse
559 644 661 690 dicuntur
676 647 700 689 ut
714 646 778 689 recte
790 644 942 700 aestimemus,

86 726 224 772 monendum
240 731 287 785 est,
316 727 403 774 duobus
423 727 497 774 modis
516 740 585 787 posse
609 727 691 772 famam
715 725 809 770 alicuius
826 724 944 771 afflictari:

84 808 180 868 primunr
197 809 228 855 itu
250 813 273 854 ut
289 822 360 867 vera,
385 809 436 855 dein
453 811 483 855 ita
498 814 522 855 ut
536 808 592 854 falsa
611 807 639 853 de
655 821 683 853 eo
700 806 849 867 proferantur.
881 806 945 853 Alter

83 885 165 935 modus
180 903 269 950 semper
285 890 374 937 illicitus
391 895 434 949 cst,
452 906 465 937 a
483 891 549 938 bonis
565 890 665 936 moribus
684 887 786 944 alienus3
805 889 867 949 prior
883 902 946 934 non·

86 971 131 1016 nisi
154 973 224 1017 certis
249 971 424 1018 conditionibus.
462 972 485 1019 Si
503 972 644 1031 professores
663 970 734 1015 altero
751 970 789 1015 illo
813 968 882 1014 modo
900 969 946 1014 dif-

84 1053 224 1098 famaverunt
244 1053 438 1113 arehiepiscopum
453 1053 624 1110 Colonienscm,
640 1052 760 1098 Perronius
782 1051 826 1096 hoc
848 1051 950 1114 demon-v

85 1138 149 1180 stret.
182 1135 232 1194 Ipse
248 1134 308 1180 enirn
318 1147 365 1190 non
377 1133 396 1180 is
406 1138 448 1192 cst,
470 1135 506 1179 cui
520 1134 604 1180 dicenti
620 1135 668 1179 sive
685 1132 729 1179 hoe
745 1133 793 1178 sive
806 1132 865 1178 aliud
878 1132 946 1191 qnid-

89 1228 154 1273 quam
171 1214 266 1260 crcdcre
283 1216 403 1274 possimus.
435 1215 545 1274 Designet
561 1227 646 1275 quaeso
664 1227 746 1259 rocem
761 1214 853 1273 falsum,
871 1215 945 1259 ambi-

84 1310 164 1355 guam,
180 1295 372 1353 inverecundam,
393 1309 459 1354 quam
482 1296 625 1354 professores
642 1294 670 1340 de
688 1295 859 1353 archiepiscopo
876 1295 946 1340 Colo-

85 1377 160 1421 niensi
184 1388 261 1426 coram
282 1376 356 1435 aliquo
380 1375 493 1422 cardinali
508 1389 527 1424 s.
543 1376 658 1422 Romanae
673 1375 784 1421 ecclesiae
797 1376 945 1434 protulerunt!

84 1457 134 1502 lloc
155 1469 210 1502 rere
227 1471 340 1517 nrrrrquarn
356 1458 400 1502 nisi
412 1457 515 1516 periuriis
531 1457 609 1501 faeere
620 1456 708 1515 poterit.
739 1456 779 1502 Sin
789 1469 844 1501 vcro
855 1455 948 1516 proles-

87 1551 153 1583 sores
176 1551 226 1584 cunr
249 1537 399 1583 cardinalibus
418 1537 510 1582 nonnisi
531 1549 588 1581 eerrt
607 1536 635 1582 dc
652 1536 735 1595 agendi
752 1537 839 1582 ratione
856 1536 949 1582 archie-

86 1620 175 1680 piscopi
200 1619 347 1666 Coloniensis.
367 1620 600 1677 communicaverunt,
625 1619 678 1677 quid
701 1621 861 1664 commiserunt
887 1615 948 1677 ‹pnod

83 1701 286 1760 reprehensionem
304 1701 423 1746 mereret?
438 1700 475 1745 An
488 1700 562 1759 plane,
578 1712 712 1759 quocunque
729 1712 804 1745 rerum
821 1703 887 1755 statu,
902 1711 948 1743 re-

86 1782 150 1828 titum
169 1786 217 1838 est,
233 1783 343 1841 conqueri
358 1780 387 1825 de
406 1781 577 1839 archiepiscopo
603 1781 713 1839 quodam⁷
737 1781 846 1839 conqueri
871 1791 948 1825 coram

89 1861 272 1907 eminentissimis
293 1857 451 1918 cardinalibus,
471 1861 579 1919 conqueri
592 1874 668 1906 coram
680 1874 765 1907 strrumo
780 1866 860 1906 senatu
870 1861 948 1906 ecclc-

89 1942 145 1997 siae,
162 1955 238 1986 coram
255 1953 327 2000 papae
343 1941 497 1988 consiliariis?
521 1942 548 2002 0,
567 1948 620 1988 tuno
638 1943 823 2003 splfieronymus
839 1956 947 1989 surnrnanr

87 2023 191 2069 iniuriam
208 2023 332 2080 contraxit,
351 2036 400 2068 cunr
418 2023 555 2070 ordinarium
570 2037 648 2081 sunm,
666 2025 796 2083 episcopum
811 2024 947 2083 Hierosoly-

91 2103 198 2147 mitarrum
221 2102 328 2147 loannem
347 2107 392 2148 tam
408 2103 509 2163 graviter
531 2106 653 2149 accusavit.
685 2105 713 2151 Ut
734 2106 860 2151 existimari
875 2107 948 2165 possit

90 2183 226 2239 devertis,
250 2184 330 2242 quibus
353 2184 503 2244 Hieronymus
530 2185 640 2230 adversus
664 2185 724 2231 lianc
749 2188 877 2246 cplscopum
893 2199 947 2232 usus

89 2270 132 2323 est,
150 2265 246 2310 sufficiat
261 2263 326 2308 locos
345 2277 358 2308 a
376 2265 442 2309 nobis
459 2268 618 2325 transscriptos
632 2265 731 2327 legisse:

153 2345 228 2403 „Quae
250 2344 308 2388 haec
332 2350 367 2390 cst
392 2351 453 2393 tauta
471 2349 612 2407 arrogantia,
637 2362 684 2393 non
701 2348 841 2407 respondere
860 2348 888 2393 de
903 2349 947 2393 fide

90 2426 299 2484 interrogantibus?
328 2424 420 2469 Tantam
442 2428 534 2472 fratrum
557 2427 717 2472 rrrultitudinetn
740 2434 762 2472 et
786 2429 948 2474 rrtonacltoruru

93 2507 177 2554 clroros
197 2533 229 2543 »ι
250 2531 281 2541 -
307 2506 370 2564 qnasi
393 2505 469 2549 hostes
491 2505 592 2564 publicos
615 2509 744 2553 aestimare:
760 2509 803 2554 Dei
819 2509 876 2554 filius
891 2522 948 2568 pro-

90 2594 140 2649 pter
155 2602 222 2634 unani
244 2585 370 2633 morbidant
385 2599 467 2643 uteru,
488 2589 610 2648 nonaginta
629 2602 711 2635 novem
727 2590 751 2634 in
768 2591 879 2636 montibus
905 2592 949 2636 de-

91 2671 192 2728 relictis,
215 2671 305 2728 alapas⁷
329 2681 432 2726 crucem,
457 2667 544 2729 flagella
561 2672 665 2717 sustinuit
687 2701 717 2708 -
740 2700 778 2716 —-.
811 2673 843 2717 Tu
859 2673 947 2718 beatis-

92 2753 161 2798 simus
183 2765 241 2810 papa
266 2754 289 2795 et
311 2749 442 2795 fastidiosus
467 2749 571 2808 antistes,
597 2752 658 2798 solus
676 2752 755 2810 dives,
773 2751 834 2799 solus
850 2756 948 2814 sapiens,

93 2829 154 2876 solus
171 2829 252 2874 nobilis
269 2842 298 2873 ac
316 2828 420 2883 disertus,
440 2840 563 2876 conservos
579 2836 636 2889 tuos,
655 2838 677 2877 et
693 2834 825 2893 redemptos
837 2838 947 2895 sanguine

94 2910 179 2956 dommi
202 2911 249 2968 tui,
276 2917 355 2969 rugata
377 2909 451 2955 fronte
470 2913 492 2952 el
511 2910 604 2970 obliquis
621 2913 692 2958 oeulis
706 2915 823 2974 despicis?
845 2917 894 2962 Hoc
912 2922 948 2962 est

94 2992 159 3048 illud,
183 2991 243 3049 qnod
265 2993 367 3050 apostolo
392 2991 543 3051 praecipiente
569 2994 678 3045 didicisti:
704 2996 783 3040 Patr-ou·
804 3012 891 3055 satrapea
918 2999 949 3044 ed

96 3073 272 3138 satisfactionem
290 3074 349 3117 corni
362 3073 465 3130 poscenti
481 3085 523 3116 eos
538 3075 647 3120 callionem
666 3076 693 3121 dc
711 3090 746 3131 ec,
764 3089 822 3135 quoe
839 3078 863 3122 iu
881 3079 946 3122 cobis

101 3176 121 3182 ....
273 3174 314 3181 -q

137 3237 157 3286 1)
171 3235 252 3274 Adlatras
268 3235 292 3273 de
307 3237 373 3283 llorne,
388 3250 423 3289 par
439 3237 466 3275 nl.
483 3237 504 3275 F.
520 3235 545 3273 de
561 3238 580 3275 la
591 3239 689 3278 lllcnnals.
699 3239 803 3278 Brrrnelles
819 3239 944 3292 1836pd1.
