1925 3313
320 700 693 785 Praefatio.

414 878 596 888 Μ

151 1024 269 1080 Ioannes
301 1025 471 1094 Fauonius,
500 1024 623 1076 societati
648 1024 708 1076 lesu
731 1022 882 1096 adscriptus
908 1034 935 1076 et

76 1124 230 1196 theologiae
249 1126 279 1177 in
295 1125 409 1197 collegio
429 1126 553 1177 Romano
578 1123 725 1195 professorj
743 1124 772 1176 in
785 1124 934 1176 Annalibus

75 1225 245 1296 theologicis,
265 1226 313 1296 qui
328 1226 432 1277 Romae
450 1224 568 1276 eduntur
587 1223 622 1277 de
635 1224 712 1277 Luco
725 1234 847 1293 auctore,
866 1224 934 1277 duas

80 1325 326 1377 commentationes
357 1324 420 1376 satis
450 1325 552 1394 amplas
578 1322 613 1374 dc
642 1342 721 1375 causa
754 1334 781 1374 et
807 1324 932 1375 doctrina

77 1424 261 1477 Hermesiann
281 1442 364 1494 quam
383 1432 481 1474 vocant
500 1421 662 1494 evulgandos
682 1422 792 1474 curavit.
831 1422 929 1474 Earum

79 1524 343 1574 commentationum
361 1523 483 1593 priorem
503 1522 662 1592 Anonymus
688 1521 800 1592 quidam
828 1522 856 1572 in
876 1523 931 1574 lin-

77 1625 157 1691 guam
183 1620 364 1673 Theodiscam
391 1620 536 1688 convertit,
566 1620 678 1690 eiusque
700 1620 785 1671 libelli
811 1621 944 1690 exempla

65 1719 107 1770 -in
127 1719 237 1772 officina
256 1720 405 1773 llbtnzicma
424 1720 586 1772 Ratisbonac
605 1718 684 1770 titulo
708 1719 756 1790 qui
781 1719 850 1771 infra
866 1721 933 1771 scri-

76 1826 138 1886 ptus
159 1828 198 1869 est
216 1818 379 1888 prodierunt
391 1820 415 1881 ¹).

150 1908 265 1987 Scriptio
287 1936 368 1987 quam
388 1935 439 1967 nos
464 1917 517 1968 iam
544 1917 691 1979 emittimus
711 1917 740 1969 id
758 1920 931 1989 propositum

34 2027 35 2030 ’
77 2014 216 2083 sequitur,
240 2025 271 2066 ut
303 2024 491 2086 argumentum
518 2016 588 2066 illius
613 2016 697 2067 libelli
727 2018 872 2086 perlustret
899 2037 930 2070 ac

76 2128 140 2161 vcro
160 2130 208 2161 suo
228 2113 316 2182 pretio
337 2114 468 2164 aestimet.
507 2116 650 2183 Speremus
670 2132 735 2164 sane
755 2124 782 2165 et
795 2126 929 2185 optamus,

75 2219 105 2260 ut
132 2210 164 2260 iis
191 2229 261 2280 (prae
287 2211 404 2263 diximus
433 2230 537 2263 errores
562 2222 589 2263 et
613 2211 693 2263 falsae
722 2214 867 2283 opiniones
895 2214 930 2266 de

77 2324 168 2375 causan
191 2328 274 2378 quam
294 2309 385 2362 denuo
403 2319 568 2381 pertractare
586 2312 701 2382 aggressi
718 2331 809 2364 sumus
816 2354 824 2381 a
845 2313 930 2365 disse·
956 2310 958 2314 ’

75 2405 192 2457 minatae
212 2407 350 2461 diluantur
367 2410 410 2462 vel
428 2411 611 2482 corrigantur,
635 2420 668 2462 ut
691 2411 759 2482 quid
781 2432 874 2464 rerum
896 2414 930 2464 sit

76 2518 107 2551 ea
125 2502 154 2552 in
173 2522 203 2554 re
221 2506 332 2558 tandem
352 2508 524 2579 intelligatur.

149 2601 225 2653 Hunc
244 2605 345 2656 librum
365 2606 442 2677 quod
462 2607 607 2676 edidimus7
626 2609 699 2660 nulla
718 2611 774 2660 eius
793 2609 831 2659 rei
849 2627 929 2658 excu-

76 2700 179 2750 satione
206 2720 273 2771 opus
300 2715 347 2757 est.
392 2707 559 2778 Quicunque
583 2707 740 2759 testimonio
760 2724 807 2758 suo
833 2723 928 2756 verum

75 2797 198 2867 profiteri
212 2800 284 2868 potis
302 2812 350 2872 estj
370 2804 429 2856 iure
448 2805 479 2857 id
497 2806 583 2857 lacere
599 2815 697 2875 potestj
715 2824 745 2856 ac
760 2822 840 2874 saepe
855 2806 927 2856 acei-

76 2894 116 2946 dit
140 2906 171 2948 ut
193 2895 283 2948 officio
309 2900 344 2952 ad
362 2903 549 2955 testimonium
570 2903 717 2955 dicendum
737 2904 925 2974 compellatur.

74 3012 294 3027 Ἁ--ᾕ

114 3073 134 3123 l)
149 3075 177 3111 ild
198 3075 299 3138 historiam
316 3081 486 3121 Hermesianz'smr'
506 3084 615 3133 spectantia
631 3084 649 3119 P.
664 3083 688 3119 G.
700 3086 799 3125 Perronii'
803 3116 810 3133 ,
833 3099 872 3124 soc.
887 3088 924 3124 les³

153 3146 182 3183 Fu
195 3149 275 3187 Italicis.
292 3163 337 3201 pars
350 3154 412 3203 prior,
432 3155 561 3194 Rotisbonae.
578 3153 698 3205 Redemptor
712 3155 848 3196 niani-1839,
