1979 3399
406 121 608 171 -lrr-

78 263 153 304 ratum
170 272 246 306 secum
264 262 426 308 communicata
413 276 510 320 acsse,
532 277 578 308 non
599 269 623 308 ut
639 262 696 322 typis
715 260 894 320 exprimerentur
912 265 935 305 el

78 340 183 406 publici
177 342 231 388 ruris
246 343 332 388 fierent.
373 344 429 390 Nam
450 344 495 389 hoo
516 343 657 389 mendacium
673 343 740 388 nimis
759 341 881 388 absurdum
900 347 935 386 est

79 423 122 467 ι
79 435 233 482 insanum
255 426 274 469 si
289 429 366 469 narrat
366 439 406 483 ιιι·
431 425 524 469 Bonnae
539 425 656 470 maximam
672 430 757 484 partem
775 423 933 470 cathedrarum

78 503 105 547 ab
121 503 274 553 Hermesianis
296 510 426 563 occupatam
443 504 509 549 essel
548 504 657 549 Numerus
673 519 768 564 oonnn,
796 505 834 565 qui
850 506 873 550 in
889 504 933 548 hac

77 585 222 629 universitate
240 584 323 629 docere
340 585 431 642 solent,
456 572 504 629 fele
528 586 667 645 septuaginta
692 593 743 632 sunt
766 588 853 646 capita:
879 600 933 631 num

78 672 151 711 autern
168 667 191 710 in
208 666 243 711 lris
259 657 322 725 plura
339 681 404 726 quarn
421 662 505 724 septena
520 665 569 711 fere
587 667 659 725 capita
673 667 820 713 Hennesiana
837 680 878 727 per
893 667 932 712 vi-

78 748 136 806 ginti
154 760 226 792 annos
242 754 388 804 emerserunt,
413 753 435 792 et
455 761 501 792 non
517 748 606 806 (pridem
626 760 671 792 uno
689 748 814 805 eodemque
830 753 932 806 ternpore

78 828 119 873 sed
137 828 180 873 alia
204 833 256 887 post
271 828 333 874 alia?
369 828 465 874 llarima
488 828 557 888 igitur
580 829 745 888 septuagenarii
767 830 853 874 numeri
879 842 932 889 pars

76 909 184 954 Perronio
201 913 251 965 sept
252 923 285 953 cm
301 914 364 954 sunt
344 910 363 953 tl
396 909 476 955 Nonne
494 922 571 954 omnes
586 908 707 968 refugient,
722 923 752 954 ne
770 924 818 954 cum
833 909 932 967 homine⁷

78 991 115 1048 qui
138 992 172 1035 sio
195 1003 313 1035 numerare
333 989 480 1049 soletqrrd
482 1004 548 1049 pram
570 988 712 1048 pariendum
732 989 850 1035 habeant?
888 990 934 1035 Sed

76 1071 195 1116 Perronius
207 1083 280 1129 ,quo
297 1072 406 1130 maglspr
391 1071 545 1131 ιιιιξιιιιιιιιι,
573 1070 700 1130 somperht
692 1070 839 1127 taudacior,
863 1083 934 1129 seque

76 1154 132 1211 ipse,
147 1138 213 1210 =quum
231 1164 297 1195 nenro
314 1151 370 1196 alius
388 1153 417 1196 sit
434 1165 498 1210 quem
513 1106 642 1196 mdntiendo
658 1152 752 1196 ulncere
767 1152 846 1210 possit,
863 1163 934 1208 snpe-

77 1217 120 1290 rat,¹
136 1228 187 1293 'cnm
206 1230 290 1289 narrat,
308 1245 355 1289 eos,
373 1222 409 1291 (pri
421 1232 505 1292 gradus
523 1232 667 1277 academicos
684 1233 804 1291 impetrare
818 1235 933 1290 cuperent,

75 1314 98 1357 in
115 1313 184 1357 verba
200 1313 308 1372 magistri,
323 1312 345 1357 h.
363 1326 383 1357 e.
402 1312 520 1370 Hennesii,
538 1314 613 1358 iurare
632 1313 724 1358 adactos
741 1313 806 1357 esset
833 1312 932 1357 vUbinam

76 1394 203 1452 reperietur
219 1396 281 1452 iuris,
298 1395 388 1439 ubinam
404 1394 544 1450 medicinae,
567 1394 656 1438 ubinam
672 1393 828 1452 philosophiae
842 1392 934 1438 studio—

76 1487 128 1532 sus,
154 1475 244 1519 ubinam
268 1476 322 1519 artis
341 1475 501 1530 obstetriciae,
531 1475 567 1533 qui
583 1473 676 1519 Bonnae
698 1474 722 1518 in
743 1473 813 1517 verba
828 1473 931 1532 magistri

76 1556 187 1601 Hermesii
203 1556 277 1600 iurare
295 1555 387 1600 attactus
405 1555 432 1599 sit
443 1554 490 1599 ?-
502 1555 550 1599 Hoc
566 1555 640 1599 iurare
657 1555 679 1598 in
695 1554 764 1598 rerba
782 1554 884 1613 magistri
903 1553 932 1598 ad

76 1636 214 1694 propositum
230 1636 283 1681 illnd
301 1650 369 1681 corase
372 1636 482 1695 quendum
501 1642 548 1680 cert
547 1650 562 1680 ι
578 1638 601 1680 ιιι
615 1649 660 1681 nno
678 1637 757 1681 ordine
773 1636 931 1695 theologorum

78 1716 239 1761 catholicorum
256 1716 473 1775 fierirnpotuissets
468 1716 614 1775 qudem
631 1716 714 1776 gradus
731 1717 874 1762 academicos
887 1718 933 1761 im-

76 1798 215 1856 pertirissetl
254 1797 321 1843 Sed
316 1811 335 1842 rs
352 1797 422 1854 ordo,
445 1803 469 1842 ut
485 1799 539 1842 satis
557 1802 645 1842 constat
652 1788 785 1856 ,quamdiu
800 1798 930 1843 Hermesius

76 1876 99 1921 in
115 1876 172 1920 rivis
188 1877 235 1932 luit,
249 1888 369 1933 ιιιιιιξιιιιιιι,
386 1888 455 1934 altaripa
456 1890 524 1921 ιιιιιιι
517 1876 582 1935 dico,
607 1877 701 1937 gradum
718 1878 893 1924 academicum
887 1894 931 1924 nn-

76 1958 171 2015 pertirit.
194 1956 471 2001 NihilominusPenonius
488 1970 530 2001 nos
549 1958 657 2003 certiores
674 1960 735 2017 tecit,
752 1973 800 2016 cos,
819 1959 930 2018 quihunc

76 2037 171 2096 gradum
197 2038 315 2094 impetrare
339 2043 458 2096 cuperent,
481 2038 503 2081 in
523 2038 593 2082 rerba
613 2041 714 2099 magistri
736 2041 811 2085 iurare
837 2040 931 2084 adactos

76 2118 137 2163 esset
170 2116 215 2164 Sed
232 2117 348 2161 Hermesio
365 2123 461 2174 mortuo,
480 2118 532 2175 quid
547 2120 609 2164 turn?
625 2147 656 2155 —-
672 2120 725 2165 Post
739 2121 849 2164 Hermesii
865 2134 930 2164 rnor-

75 2203 120 2242 tem
137 2197 193 2241 ordo
210 2198 300 2241 nonnisi
316 2197 402 2242 dnobus
419 2198 532 2255 discipulis
550 2200 597 2242 suis
609 2200 703 2257 gradum
720 2200 874 2244 academicum
885 2201 930 2244 im-

75 2278 174 2337 pertivit!
198 2278 226 2322 lli
243 2283 316 2323 autem
333 2291 380 2322 non
398 2279 421 2322 in
437 2278 507 2323 verba
522 2278 633 2324 Hermesii
649 2293 722 2339 neque
740 2280 834 2324 inaltus
851 2281 929 2324 cuius-

76 2373 163 2419 cunque
174 2359 274 2405 doctoris
291 2359 332 2404 sed
348 2359 370 2403 in
382 2373 408 2403 ea
420 2360 490 2404 verba
500 2361 605 2417 iurarunt,
623 2375 680 2420 quae
698 2361 797 2406 efficiunt
810 2375 859 2406 eam
875 2362 928 2407 fidei

77 2440 194 2486 formulam
212 2455 277 2500 [pram
291 2441 342 2486 Pius
360 2441 388 2486 [ι’
401 2454 498 2486 summus
512 2441 614 2501 pontifex
629 2441 717 2501 publice
733 2443 856 2501 proposuit.

139 2521 184 2566 lam
200 2535 255 2567 vero
273 2521 333 2580 qrrod
350 2522 427 2567 attinet
444 2522 472 2567 ad
488 2522 600 2568 llermesii
622 2524 644 2568 in
662 2525 808 2569 universitate
826 2524 932 2569 domina-

76 2603 177 2659 tionem,
200 2615 244 2646 nae
259 2602 297 2647 illa
320 2602 452 2661 qubusdam
476 2602 527 2647 hom
530 2603 603 2649 inibus
619 2604 782 2663 Hermesioque
808 2605 866 2649 caris
882 2618 928 2649 non

77 2684 125 2727 sine
140 2683 243 2728 molestia
265 2681 312 2727 fuit.
354 2668 388 2727 Ea
411 2682 438 2727 de
459 2698 484 2728 ιι
501 2684 591 2741 Esseri,
612 2684 752 2742 Elvenichii,
775 2685 928 2741 lleirnsoethii,

76 2763 217 2820 lelh'muthii,
232 2764 342 2809 Hermcsii
358 2769 395 2808 ant
387 2764 511 2809 teiusdenr
496 2765 643 2824 ndiscipulor
636 2779 684 2810 rum
698 2767 758 2812 audit
742 2773 818 2824 rtores,
834 2767 870 2825 qui
883 2781 927 2811 ιι-

76 2844 136 2890 niam
158 2846 251 2891 Bonnae
272 2845 374 2904 privatim
390 2845 516 2893 docendi]
504 2850 626 2907 petierrmt,
648 2853 717 2893 testes
742 2862 792 2894 esse
807 2854 928 2907 'r,poterrnt

77 2929 99 2970 ιι
115 2938 157 2970 nos
174 2926 232 2971 infra
248 2925 308 2970 huno
323 2924 396 2970 locum
414 2926 521 2986 singulari
540 2926 688 2986 disputatione
704 2943 769 2987 porse
772 2943 835 2988 pren
837 2943 871 2974 ιιι
