1979 3399
358 93 560 142 -th—-

32 237 55 278 et
72 230 138 276 111111
155 232 307 289 exponerent,
324 231 390 276 etiam
408 235 474 288 atque
491 229 557 274 etiam
574 230 696 288 rogarent,
718 232 755 285 ut,
780 241 830 272 cum
846 229 889 273 sibi

33 315 133 372 ignotum
150 316 228 369 esset,
257 324 315 370 quae
331 310 433 370 singulae
452 310 569 354 doctrinae
587 322 600 353 a
615 309 682 355 Brevi
699 313 805 369 tanquam
822 308 892 353 salsae

32 394 198 450 damnarentur,
214 392 257 436 hae
274 392 455 451 designarentur,
474 403 518 449 quo
535 391 583 435 heri
601 395 688 448 posset,
705 395 728 435 ut
744 392 794 450 ipse
809 389 891 436 ortho-

32 473 120 519 doxiam
146 486 207 517 suam
225 471 358 518 catholicam
374 486 451 517 coram
468 470 550 531 populo
567 471 701 530 1111111111,ιι
718 473 738 517 11
755 473 814 518 idern
830 472 891 518 nullo

30 555 107 600 nuntio
125 553 168 598 hac
191 554 219 599 de
236 567 261 599 re
277 559 370 614 accepto
388 554 470 599 deinde
492 554 541 597 stne
557 553 605 598 ullu
621 553 764 599 restrictione
776 556 847 613 plane
863 567 890 600 se

30 635 181 693 subiecisset,
203 634 256 695 quid
273 640 331 693 tum,
348 637 379 681 mi
396 635 508 680 Perroni‘?
542 634 617 692 Quid,
641 635 661 680 si
677 635 736 681 idem
754 637 820 695 paulo
836 641 889 681 ante

30 717 168 777 scripsisset,
184 715 338 775 declarationi,
355 730 412 777 quae
424 717 493 776 longe
511 717 584 761 minus
594 715 723 774 postularet,
740 729 805 774 quam
819 717 889 773 plenu

29 799 89 843 haec
114 810 179 856 quam
205 797 282 844 dicunt
305 798 433 854 subiectio,
455 808 538 841 nornen
560 809 624 842 suum
639 798 782 843 subscribere
798 811 824 843 se
840 811 887 842 non

29 892 111 939 posse,
134 883 253 938 propterea
270 879 330 940 quod
344 885 390 925 tum
406 877 886 936 1111111111οηὶ111111111111111111111111111

29 959 169 1005 11111111
185 959 204 1003 11
218 960 284 1018 plane
300 973 352 1006 sese
368 960 497 1018 subiiciunt,
516 961 553 1019 qui
568 959 708 1006 Hermesium
727 973 801 1020 neque
818 959 886 1004 audi-

28 1045 109 1085 verunt
123 1053 219 1099 unquam
236 1054 310 1101 neque
318 1042 430 1098 viderunt,
446 1054 502 1100 quos
513 1054 580 1087 nemo
590 1042 715 1088 mortalium
726 1042 886 1091 Hermesianos

28 1122 176 1179 existimavit,
204 1121 224 1167 si
240 1121 256 1167 ii
271 1122 322 1167 sine
339 1122 382 1167 ulla
399 1121 557 1167 adhortatione
572 1133 650 1166 eorum
672 1122 709 1180 qui
730 1121 764 1165 eis
785 1120 888 1178 proxime

27 1203 150 1262 praepositi
163 1206 214 1247 sunt
225 1202 375 1260 subscribunt,
386 1202 438 1262 quid
448 1207 501 1260 tum,
510 1202 540 1246 mi
548 1201 658 1247 Perroni?
674 1201 709 1247 Ac
719 1204 740 1247 si
751 1202 788 1247 ille
797 1230 827 1236 -
836 1201 887 1262 plu-

29 1294 67 1326 res
82 1281 140 1326 adeo
155 1295 206 1328 esse
222 1287 323 1342 possunt,
337 1311 368 1319 -—
384 1284 403 1328 si
419 1285 487 1343 igitur
502 1282 533 1328 1111
548 1287 572 1327 ut
588 1282 683 1341 aliquam
698 1295 788 1328 causam
804 1283 885 1342 plenae

27 1360 176 1409 subiectionis
193 1364 301 1422 afferant,
328 1364 483 1410 eonscientiae
499 1376 580 1409 vocem
594 1365 736 1424 restinguant
752 1368 884 1421 statuentes,

30 1444 79 1488 fieri
97 1451 159 1489 certe
174 1459 259 1504 posse,
283 1450 307 1490 ut
323 1459 413 1492 errores
429 1446 452 1490 in
473 1445 536 1491 libris
551 1445 704 1490 Hermesianis
719 1446 806 1503 insint,
829 1445 883 1505 quid

27 1529 80 1582 tum,
94 1526 125 1570 mi
141 1526 251 1571 Perroni?
288 1524 323 1570 Ac
339 1524 358 1570 si
373 1524 454 1570 iudicia
471 1525 494 1569 in
511 1526 603 1570 crimina
619 1526 754 1583 impurentia
771 1508 819 1570 hac*
830 1525 883 1584 lege

27 1611 130 1665 utantur,
154 1607 174 1652 si
192 1607 220 1652 ob
236 1606 296 1651 hanc
311 1619 378 1652 unam
395 1618 502 1664 causam,
529 1605 578 1651 fieri
598 1619 682 1664 posse,
707 1610 731 1650 ut
746 1609 770 1649 tu
784 1605 829 1651 hec
845 1606 883 1650 rel

27 1689 81 1734 illud
97 1689 185 1733 facinus
200 1688 342 1747 patraveris,
364 1688 496 1732 sententiam
512 1687 573 1733 ferre
588 1687 676 1746 1111111,
704 1686 757 1747 quid
772 1693 835 1745 tum,
853 1689 883 1732 mi

29 1768 142 1814 Perroni‘?
157 1768 237 1813 Nonne
253 1768 302 1826 ipse
315 1766 376 1811 hanc
389 1766 463 1826 legem
481 1768 577 1825 vereris,
593 1781 669 1813 nonne
686 1770 730 1813 iam
747 1774 812 1828 caput
823 1773 883 1813 tuum

29 1849 52 1893 111
68 1848 167 1894 humeris
182 1848 259 1893 labare
275 1847 361 1893 sentis?
385 1847 409 1893 si
426 1848 454 1892 oh
471 1847 530 1893 hanc
547 1862 613 1895 unam
629 1863 731 1906 causam,
747 1850 796 1894 heri
804 1862 882 1907 posse,

28 1935 51 1974 ut
68 1929 147 1990 aliquis
164 1929 291 1987 errauerit,
301 1933 399 1973 statuere
416 1929 470 1974 mihi
486 1930 569 1987 liceat,
591 1945 640 1976 eum
657 1944 760 1987 errasse,
777 1930 829 1989 quid
847 1945 883 1975 me

28 2011 141 2070 impediat,
161 2010 277 2069 quominus
296 2010 358 2054 testis
375 2009 462 2067 dicam,
479 2010 508 2055 ab
526 2012 600 2069 aliquo
617 2010 721 2056 delictum
738 2013 881 2056 commissum

28 2105 87 2150 csse,
105 2092 125 2137 si
141 2092 189 2137 lieri
203 2090 284 2148 potuit,
300 2095 324 2135 ut
343 2091 509 2136 committeret?

89 2169 135 2214 lam
152 2168 221 2212 altera
240 2181 308 2213 causa
319 2169 398 2226 plenae
415 2168 481 2213 huius
499 2169 660 2214 subiectionis:
677 2172 734 2227 ,loci
746 2176 809 2217 extra
822 2183 881 2216 con-

28 2255 112 2297 textum
136 2250 211 2308 operis
233 2249 310 2294 falsam
334 2251 468 2295 sententiam
490 2249 601 2309 praehere
625 2256 648 2295 et
671 2264 788 2312 perperam
808 2253 881 2312 accipi

28 2336 138 2390 possunt,
164 2332 221 2375 intra
238 2334 365 2375 contextum
388 2331 477 2390 quidem
500 2344 546 2377 non
568 2337 681 2391 11111111.ιι
723 2334 803 2379 Nonne
823 2333 881 2380 haee

29 2426 97 2458 eausa
115 2412 185 2457 altera
209 2425 302 2471 prorsus
327 2411 395 2471 digna
410 2413 463 2458 est?
494 2409 550 2460 Num
573 2414 633 2472 quod
657 2416 754 2474 apertius
772 2421 883 2477 repugnet

28 2505 98 2538 sanae
113 2494 182 2537 menti
198 2492 317 2550 humanae,
335 2493 412 2551 primis
423 2492 509 2552 legibus
522 2494 576 2539 artis
591 2493 780 2552 herrneueuticae,
798 2496 882 2542 diserto

28 2573 166 2631 praescripto
182 2572 298 2617 Benedicti
314 2573 366 2618 XIV
382 2578 404 2618 ct
420 2574 490 2632 ipsius
508 2587 526 2619 s.
541 2575 610 2633 patris
626 2576 728 2635 Gregorii
739 2576 797 2634 XVI,
814 2577 881 2621 inre-

28 2654 71 2698 niri
86 2658 166 2712 potest,
183 2665 247 2711 quarn
263 2652 325 2697 hoc:
349 2653 423 2698 locum
446 2655 541 2714 aliquem
566 2659 629 2700 entra
654 2661 781 2700 contextum
806 2656 882 2713 operis

28 2745 145 2792 perperam
163 2733 233 2791 accipi
250 2744 335 2789 posse,
351 2731 409 2775 intra
427 2716 517 2791 11111111
534 2738 662 2778 contextum
677 2747 723 2778 uon
740 2745 826 2792 posse;
853 2746 880 2777 ac

28 2813 47 2857 si
64 2814 93 2859 oh
110 2814 169 2858 hanc
185 2826 277 2858 causam
293 2812 341 2870 quis
358 2811 488 2858 solemniter
506 2815 617 2871 fateatur,
639 2814 683 2858 iam
698 2826 724 2857 rc
740 2827 795 2858 rera
813 2825 880 2857 erro-

28 2904 65 2938 res
79 2896 103 2939 11
118 2894 215 2953 (prodam
232 2893 289 2938 libro
306 2893 403 2937 inesse?
434 2895 493 2941 Sane
510 2900 599 2950 statuas,
613 2895 643 2938 mi
658 2895 758 2951 Perroni,
774 2893 879 2939 Nonnul-

28 2970 62 3019 111
78 2975 128 3021 11111
143 2975 192 3021 1111
208 2975 278 3035 primo
295 2976 343 3019 sire
354 2976 454 3022 seeundo
464 2983 524 3022 metu
533 2975 598 3034 plane
613 2987 664 3019 sese
674 2975 808 3032 subiecisse,
821 2975 881 3021 haec

30 3061 90 3102 certe
112 3058 265 3116 interpretatio
286 3056 383 3100 omnium
409 3063 444 3102 est
467 3056 634 3116 benignissima.
677 3055 760 3100 Omnes
778 3055 880 3114 episcopi

30 3134 51 3179 in
68 3138 177 3196 synodum
193 3138 347 3182 Arelatensern
364 3150 383 3180 a.
402 3136 448 3181 353
466 3135 598 3195 congregati
620 3134 757 3179 damnationi
775 3148 794 3179 s.
806 3133 881 3179 Atha-

30 3218 88 3261 1111
105 3219 290 3277 subscripserunt¹
314 3216 459 3262 Nihilominus
471 3219 498 3262 iis
514 3229 644 3275 persuasum
661 3222 717 3274 erat,
734 3218 878 3262 innocentem
