1979 3399
349 83 551 131 *cao-

23 225 45 271 id
63 237 75 268 e
91 221 201 268 sententia
218 220 287 268 lluerc
305 222 431 269 indicarunt
449 224 477 281 ii,
495 224 532 282 qui
548 222 676 270 Bellannini
693 222 818 270 obscurare
834 235 878 267 no-

21 319 72 352 men
88 305 214 363 cupiebant,
230 306 273 351 rati
289 319 344 351 suae
359 307 446 366 gloriae
464 306 537 362 demi,
553 306 658 366 quicquid
673 290 768 351 cederet
783 305 878 350 alienae.

22 389 97 447 ltaque
115 385 216 432 homines
233 386 386 431 accendendis
409 386 571 431 offensionibus
590 383 683 444 callidi,
705 386 806 431 Pontifici
822 398 879 431 sen-

22 472 63 516 sim
80 467 182 523 adulari,
205 472 290 513 temere
312 468 363 513 dum
385 472 519 528 spargerent
536 475 606 526 [qnae
623 480 691 526 saepe
707 470 766 514 inter
783 467 878 514 Auliccs

22 554 57 616 est
71 548 141 594 libido
158 548 270 608 fingendi]
287 550 389 596 doctrina
409 549 537 595 Bellarmini
552 551 707 595 auctoritatem
724 549 783 594 illam
800 549 877 612 minui,

22 644 86 691 qutun
109 631 210 676 Christus
232 632 342 677 Dominus
366 632 457 677 Vicario
474 644 516 677 suo
539 632 562 676 in
578 630 653 676 Terris
671 631 732 676 dedit
747 630 776 675 ad
794 630 877 675 Eccle-

21 715 68 760 siae
80 713 209 773 dignitatem
219 714 401 773 firmitatcmqne3
418 714 486 773 idque
503 713 552 759 beri
568 713 591 757 in
607 713 712 771 opinione
729 712 798 770 ipsius
816 711 877 757 circa

21 795 147 842 Dominium
163 795 329 855 temporarium,
347 796 408 856 qnod
417 794 519 842 Pontifici
530 794 636 854 cempetit
653 795 706 839 item
723 793 746 837 in
764 807 802 838 res
818 798 877 838 tcm-

22 877 123 937 porarias
140 876 190 921 Lib.
206 879 228 923 5.
245 876 272 921 de
287 876 351 921 Rern.
369 875 432 921 Pont.
464 876 492 920 Et
518 876 622 935 quoniam
644 887 671 919 ea
688 887 734 918 vox
749 873 877 933 percrebuit

22 953 131 1017 tempore,
148 970 192 1017 quo
208 958 252 1003 iam
269 962 334 1003 caute
349 958 393 1003 ista
402 958 490 1014 iactari,
503 956 522 1001 si
538 970 634 1016 unquam
651 956 714 1012 alias,
733 954 877 1010 debuissent;

22 1038 74 1084 ideo
93 1044 180 1097 captata
197 1039 335 1096 occasione,
353 1038 404 1083 dum
420 1051 517 1098 peregre
534 1038 612 1083 aberat
625 1037 689 1096 ipse,
711 1035 828 1091 nonnulli,
852 1047 878 1080 re

22 1133 67 1165 non
84 1120 194 1178 discussa,
211 1132 302 1179 urgere,
319 1125 385 1178 atque
400 1120 494 1176 instare,
510 1133 553 1178 qno
570 1119 618 1164 eius
635 1130 704 1177 opera
716 1116 879 1172 inhiberentur,

22 1200 95 1244 donec
112 1191 189 1259 egeri,
213 1212 270 1258 quac
288 1198 413 1256 damnosa,
434 1204 456 1244 et
472 1199 542 1244 inseri
559 1198 667 1257 Catalogo
683 1197 792 1243 deberent
807 1197 879 1242 Voln-

20 1281 103 1326 minum
122 1281 305 1341 proscriptorum.
337 1279 447 1325 Fraudem
465 1280 554 1338 excepit
571 1283 679 1336 eventus,
697 1279 765 1335 etii,
784 1292 877 1336 quornm

20 1362 104 1408 inuidia
119 1363 263 1420 inocculto,
288 1366 385 1411 adulatio
409 1369 435 1411 in'
456 1372 533 1425 aperto
551 1371 616 1423 crat‚
640 1364 707 1410 facite
723 1365 876 1424 impetrarunt,

20 1447 44 1487 ut
60 1442 106 1487 boc
128 1449 195 1501 pacto
210 1443 232 1488 in
249 1444 378 1491 Bellarmini
392 1447 463 1492 libros
479 1448 611 1493 saeviretur.
644 1447 689 1493 Sed
706 1447 764 1491 lraec
780 1448 875 1492 saevitia

15 1534 100 1565 vvocem
118 1523 231 1580 veritatis,
248 1537 306 1583 quac
320 1527 343 1570 in
359 1526 422 1571 libris
439 1526 518 1571 iisdem
534 1526 680 1586 loquebatur,
696 1541 744 1573 non
761 1528 799 1572 diu
815 1528 875 1572 alili-

19 1603 58 1647 xit.
90 1602 153 1661 Nam,
173 1605 299 1651 excedente
316 1607 438 1665 Pontificc‚
455 1622 506 1654 cum
522 1622 550 1654 eo
568 1615 604 1667 (nt
617 1607 692 1655 Aulici
710 1614 762 1654 sunt
777 1609 874 1668 plerum.

20 1676 63 1742 que
78 1696 169 1729 suornm
184 1686 310 1746 Principum
323 1688 431 1744 inleriae)
449 1691 554 1735 cecidere
568 1690 701 1736 Adversarii
717 1690 780 1746 eins,
798 1694 820 1734 et
835 1702 876 1734 sa-

21 1777 59 1809 cra
73 1763 226 1825 Congregatio
244 1767 393 1814 Cardinalinm
406 1775 511 1829 reputans
526 1772 629 1817 iniurium
647 1784 706 1827 esse,
721 1771 752 1815 ita
773 1771 874 1815 damnari

21 1844 125 1890 eximium
141 1845 219 1904 virum,
234 1850 380 1907 praesertim⁷
397 1864 446 1895 cnm
463 1852 482 1896 is
499 1852 566 1897 Sedis
582 1852 729 1911 Apostolicac
748 1862 817 1895 causa
834 1851 877 1895 ab·

21 1929 88 1982 esset,
104 1932 184 1984 sponte
197 1929 319 1987 mandarit,
337 1945 367 1974 eac
382 1930 459 1976 iiidice
471 1931 637 1989 probrosorom
652 1931 793 1989 Scriptorum
809 1932 877 1977 ecirni

20 2005 142 2050 Auctorem
158 2007 284 2066 apropinnt,
301 2010 363 2055 riollo
381 2010 405 2054 tp
424 2011 568 2068 opinionibus
590 2012 640 2055 eins
657 2011 796 2069 deprehenso
812 2012 875 2057 citio.

21 2083 98 2139 Quare
114 2086 135 2129 et'
152 2085 278 2132 crimiautio
288 2088 349 2133 intro
361 2089 457 2147 pierium
471 2090 522 2148 ficit,
538 2104 580 2134 aec
596 2090 683 2135 ntinore
699 2093 764 2150 fctum
778 2092 803 2135 in
818 2092 876 2136 arbe

21 2164 127 2223 (leirtceps
145 2164 296 2212 Bellorntinos
311 2168 397 2226 oipuit3
422 2168 486 2213 coritis
511 2168 571 2214 dictu
592 2170 730 2216 solorranodo
745 2170 774 2216 ab
790 2171 874 2216 incidis
911 2167 913 2171 ⁴

21 2244 202 2305 postulabuntur,
218 2247 274 2291 celeo
287 2248 401 2305 sactorum
415 2248 523 2293 irrnocerts
540 2253 611 2293 ΜΗ

75 2328 193 2388 Postquam
201 2327 346 2373 Bellarminus
357 2329 379 2372 in
389 2327 450 2374 hunc
463 2328 553 2373 rnodnm
566 2334 611 2374 tam
623 2330 717 2390 egregie
728 2330 755 2376 ab
766 2332 874 2378 universo

22 2408 118 2469 collegio
149 2409 293 2455 cardinalium
321 2408 427 2455 defensus
452 2415 475 2455 et
496 2410 622 2456 adversarii
644 2416 688 2456 tam
712 2413 875 2459 contumeliose

21 2491 104 2549 repulsi
129 2496 212 2549 erantp
229 2491 323 2537 credere
345 2494 437 2551 possis,
454 2493 544 2538 invidos
558 2506 605 2538 non
621 2493 665 2537 iam
681 2507 749 2539 ausos
767 2506 836 2550 csse,
851 2499 876 2540 ut

23 2570 96 2617 denuo
114 2571 223 2617 aduersus
238 2572 298 2617 illrun
314 2573 464 2631 molirentur,v
475 2575 548 2619 minus
566 2575 632 2618 etiam
645 2587 712 2619 ausos
728 2587 794 2631 esse,
810 2578 834 2618 ut
851 2577 873 2619 in

23 2653 71 2711 ipsa
90 2654 150 2700 Urbe
168 2652 329 2699 Christianismi
344 2652 368 2697 in
385 2665 435 2697 enm
452 2653 639 2698 machinarentur.
669 2655 714 2700 Sed
731 2660 810 2699 auctor
828 2654 873 2712 ille,

23 2739 139 2793 postquam
163 2734 191 2779 de
210 2733 371 2778 controuersiis
394 2732 504 2779 adversus
521 2733 675 2778 Bellarminum
691 2735 714 2778 in
732 2735 802 2780 Gallia
819 2737 874 2781 ortis

23 2815 131 2873 exposuit,
146 2827 239 2859 narrare
255 2804 340 2873 pergil:

71 2898 75 2922 ³
83 2896 204 2952 „Eventum
219 2893 294 2939 habuit
308 2905 385 2951 parem
403 2892 446 2938 alia
462 2898 550 2939 secreta
566 2892 637 2952 magis
657 2894 797 2951 criminatio,
815 2909 874 2954 quae

24 2985 115 3034 serpere
132 2976 245 3021 radicibus
263 2974 396 3030 latentibus,
420 2980 443 3019 et
459 2975 547 3020 occulto
565 2973 645 3018 danmo
663 2974 686 3018 in
704 2975 784 3018 animis
799 2976 875 3034 coepit

24 3051 141 3102 Illustrium
156 3057 274 3102 Virorum:
290 3053 331 3099 sed
340 3053 419 3113 quibus
430 3060 505 3100 tamen
521 3055 642 3100 studiorum
658 3055 707 3098 eins
724 3056 816 3112 generis
831 3071 875 3115 pe-

24 3133 72 3180 ritia
87 3150 134 3182 non
150 3136 270 3182 admodum
288 3139 343 3179 erat.
375 3135 555 3181 Proseminarnnt
573 3133 632 3177 illam
649 3139 766 3192 (quantum
784 3138 873 3197 assequi

26 3217 154 3263 coniectura
171 3217 244 3274 licuit)
260 3215 363 3276 qnidam,
388 3216 425 3274 qui
441 3213 558 3261 crescendi
574 3215 718 3261 occasionem
734 3231 775 3276 pro
792 3231 818 3263 se
834 3232 873 3263 re-
