1979 3399
388 83 630 140 —aarae

62 227 97 273 his
115 229 296 287 annotationibus
309 232 479 286 aestimavimus
495 235 518 276 et
533 236 624 290 praeter
640 231 684 276 alia
701 230 747 276 boc
769 230 915 288 ostendimus,

61 310 116 356 nihil
127 311 210 370 'fuisse
227 326 267 368 cur
281 312 400 358 Petronius
417 313 527 357 scriberet
541 327 562 372 p.
581 313 620 370 34,
636 317 756 371 propterea
774 311 835 370 quod
853 325 913 356 non-

61 391 114 437 nulli
129 392 272 452 professores
286 392 386 439 thesibus
396 393 539 439 subscribere
548 399 701 449 recusassent,
718 394 914 453 archiepiscopum

61 472 150 520 clericis
167 476 213 521 suis
227 460 380 534 praecepisse,
398 479 428 519 ut>
437 488 465 519 ne
482 474 673 533 praelectionibus
682 487 759 520 eorum
770 476 913 520 interessent.

59 555 140 601 Denuo
159 555 246 601 adhoc
263 556 402 601 revertimur.
434 556 457 603 Si
473 569 540 600 nemo
558 556 598 601 has
608 556 685 602 theses
702 571 751 602 curn
761 555 914 601 Hermesianis

60 634 89 679 ad
106 636 292 682 subscribendum
309 638 496 693 cormmmicarit,
521 636 573 695 quid
589 637 620 682 illi
635 637 712 682 lacere
727 638 869 698 debuerunt,
890 642 914 681 ut

59 718 135 764 notam
151 717 317 760 contumaciae
328 716 470 776 effugerent?
502 715 592 762 Scilicet
613 716 642 761 ad
662 718 847 763 'subscribendum
863 701 914 776 'ipsi

59 796 182 856 irrumpere
200 797 335 849 debuerunt!
352 787 408 845 Num
419 798 448 843 ad
460 811 510 842 eam
521 797 708 856 subscriptionem
724 800 828 857 irrupturi
841 804 911 855 erant,

59 890 125 935 quam
141 885 256 937 praestare
273 880 326 925 nulli
344 879 451 938 theologo
463 877 574 923 catholico
589 878 662 925 licet?
693 880 785 925 Etiamsi
795 894 849 925 vero
861 881 913 925 the-

59 972 96 1005 ses
112 959 253 1005 orthodoxae
273 966 362 1018 essent,
378 960 438 1019 quod
454 961 605 1020 longesecus
623 968 672 1018 est,
698 961 785 1006 etiamsi
802 960 915 1019 archiepi-

58 1053 128 1098 scopo
146 1041 207 1086 iuxta
222 1041 321 1099 politiam
339 1042 450 1086 ecclesiae
466 1041 580 1105 licuisset,
608 1042 718 1087 eiusmodi
733 1041 810 1085 theses
827 1054 913 1099 propo-

58 1133 120 1177 nere,
138 1120 199 1179 quod
214 1120 318 1179 prolecto
336 1136 381 1167 uon
398 1122 467 1179 licuit,
485 1121 521 1167 vel
538 1122 572 1167 sic
593 1121 736 1180 professores
752 1123 913 1166 contumaciter

58 1214 104 1246 non
122 1202 229 1260 egissent.
253 1202 328 1259 „Nulla
347 1203 370 1246 in
389 1208 435 1261 ret,
452 1203 551 1248 eruditus
563 1203 651 1262 rpridam
663 1203 744 1248 lcsuita
760 1202 845 1259 scribit,
863 1203 914 1260 ,in-

58 1295 144 1327 nocens
161 1271 285 1342 obligatur,
300 1288 324 1327 ut
342 1283 553 1329 condemnationem
570 1285 604 1329 sui
621 1288 728 1342 quareret,
745 1297 796 1328 eam
813 1283 911 1340 adiuret,

58 1376 86 1408 ac
101 1364 191 1409 minime
207 1364 304 1408 onrrrium
322 1364 442 1423 obligatur,
457 1364 562 1409 iudicium
579 1366 641 1409 inse
658 1364 707 1423 ipso
726 1365 826 1423 exsequi,
843 1369 910 1408 ante-

58 1457 123 1502 quam
145 1443 226 1494 iudicis
249 1445 360 1489 sententia
382 1433 480 1504 legitime
497 1458 584 1491 secum
607 1446 769 1490 comrnunicata
795 1448 910 1503 cogatur.“

58 1525 107 1570 Hoc
119 1524 156 1570 ille
172 1524 255 1570 lesuita
271 1525 356 1582 scribit,
373 1530 397 1570 ut
413 1525 525 1582 ostendat,
539 1531 615 1585 patres
631 1540 660 1571 ex
675 1527 784 1570 societate
794 1525 846 1569 lesu
856 1524 911 1569 Bul-

57 1605 92 1649 lae
108 1605 227 1649 Clementis
242 1604 306 1661 XIV,
323 1618 365 1663 qua
383 1606 481 1650 societas
503 1605 590 1651 sublata
607 1611 671 1660 erat,
694 1605 788 1664 obsequi
804 1619 850 1649 nou
869 1605 912 1649 de-

57 1686 120 1743 bere,
139 1685 213 1730 donec
228 1686 333 1744 legitime·
343 1685 455 1745 divulgata
472 1693 539 1732 esset.
573 1688 658 1746 Quippe
675 1688 723 1745 ipse
739 1685 910 1731 Sultauusma-

57 1780 114 1827 gnus
133 1766 192 1812 filum
209 1766 368 1825 bombycinum
383 1767 455 1821 mittit,
473 1780 547 1825 raeque
563 1772 686 1826 exspectat,
703 1772 726 1811 ut
741 1767 799 1810 ultro
811 1770 908 1824 petatur.

132 1846 178 1891 lam
194 1859 271 1892 rursus
295 1847 373 1906 accipe
398 1848 514 1906 specimen
532 1848 627 1908 insignis
651 1846 807 1892 mendacitatis
825 1846 910 1890 Perro-

58 1928 147 1973 nianae.
326 1927 330 1932 ’

134 2006 190 2052 Nam
208 2010 232 2050 ut
247 2005 284 2050 ille
301 2005 386 2062 refert,
410 2005 482 2051 lector
503 2006 598 2051 credere
614 2007 741 2063 inducitur,
765 2006 911 2064 professores

57 2088 218 2132 llermesianos
241 2086 361 2146 plerosque
384 2086 485 2141 thesibus
502 2086 679 2144 subscripsisse,
703 2092 768 2144 atque
789 2086 909 2131 nonnullos
957 2126 959 2129 .

58 2168 306 2224 tantumrecusarisse,
324 2169 441 2227 (prontinus
457 2166 631 2211 subscriberent.
663 2166 780 2211 Adversus
792 2167 834 2211 hos
849 2180 909 2212 non-

57 2249 130 2293 nullos
146 2247 308 2306 praeiudicium
325 2247 486 2306 iniquissimum
503 2247 626 2291 excitatur:
644 2247 724 2304 quiprpe
745 2245 822 2289 lacere
840 2259 909 2290 recu-

57 2335 120 2387 sant,
137 2328 197 2387 quod
218 2328 318 2386 plerique
335 2327 411 2372 lacere
429 2327 488 2372 baud
514 2327 612 2371 cunctati
628 2332 686 2371 suut.
719 2326 752 2370 llli
764 2331 911 2371 contmnaces

57 2415 122 2468 sunt,
142 2410 173 2455 illi
196 2422 270 2468 poena
295 2408 363 2469 digni.
405 2407 552 2453 Nihilominus
568 2408 653 2452 veritas
669 2408 717 2452 eius
734 2409 769 2452 rei
785 2405 843 2452 haec
861 2412 910 2452 est:

56 2506 86 2550 ne
101 2505 158 2536 unus
174 2492 263 2550 quidem
281 2490 398 2550 professor
417 2490 577 2535 Hermesiauus
599 2488 699 2534 thesibus
716 2488 862 2547 subscripsit,
887 2494 909 2532 et

57 2587 86 2618 ne
104 2586 153 2617 cum
168 2572 212 2616 rino
229 2571 319 2630 quidem
335 2571 364 2615 ad
376 2569 562 2616 subscribendum
574 2569 750 2614 communicatae
760 2573 817 2612 sunt.
833 2568 906 2619 ,Unus

57 2658 142 2697 tantum
156 2650 287 2710 theologiae
302 2649 413 2705 Repetens
431 2648 532 2695 thesibus
549 2648 694 2705 subscripsit,
719 2652 742 2692 et
764 2661 792 2692 eo
818 2649 907 2707 quidem

57 2733 164 2792 temporis
181 2717 304 2787 momento,
321 2729 360 2775 ubi
373 2741 483 2788 praesens
498 2743 575 2775 coram
598 2728 768 2786 archiepiscopo
786 2729 845 2774 aliud
857 2744 908 2775 mu-

57 2829 99 2860 nus
116 2815 234 2869 ambiebat,
250 2840 278 2847 -
297 2811 357 2869 quod
372 2823 413 2868 pro
430 2812 527 2856 nominis
543 2809 706 2866 subscriptione
723 2811 816 2867 accepit.

133 2891 211 2939 Sciunt
227 2891 324 2935 lectores
338 2904 367 2934 ex
384 2890 411 2933 iis
430 2903 486 2948 quae
503 2890 546 2934 iam
562 2900 628 2944 supra
644 2894 766 2933 memorata
788 2895 846 2947 suut,
867 2903 907 2934 ar-

59 2973 225 3032 chiepiscopum
251 2971 427 3026 Coloniensem,
451 2971 586 3015 Clementem
610 2969 733 3027 Augustum
761 2968 790 3013 de
817 2970 906 3023 Dresia,
964 3019 966 3021 v

59 3053 134 3098 theses
154 3054 182 3098 de
199 3053 301 3097 doctrina
317 3044 426 3096 c'atholica
444 3052 531 3108 publice
548 3046 698 3107 proposuisse.
732 3050 766 3094 De
783 3050 818 3096 his
835 3050 908 3096 thesi-

58 3137 99 3181 bus
114 3136 176 3194 plura
193 3135 275 3181 iudicia
289 3133 416 3192 theologica
428 3133 565 3193 prodierunt,
583 3131 696 3189 inquibus
712 3131 827 3178 vluculente
842 3146 908 3177 inon-

60 3221 150 3262 stratmn
173 3222 214 3275 est,
234 3216 274 3263 has
290 3215 366 3261 theses
383 3228 429 3260 non
445 3230 489 3262 una
512 3228 537 3260 re
553 3218 574 3258 et
593 3212 708 3258 doctrinae
731 3219 753 3259 et
777 3213 906 3272 disciplinae
