1979 3399
379 70 580 133 ..317-

113 204 196 269 Ilugo
213 219 259 255 as.
277 209 422 258 Victore:

113 288 187 346 „Deus
199 291 349 350 omnipotens,
366 293 429 337 cuius
442 292 557 338 beatitudo
571 305 615 338 nec
629 293 708 352 augeri
719 295 795 352 potest
811 291 919 349 omnino,

51 369 158 426 quoniam
173 370 276 429 perlecta
294 376 337 429 est,
353 385 397 417 nec
412 363 489 428 minui,
505 374 609 428 quioniam
626 378 718 417 aeterna
736 377 785 419 est:
802 373 852 418 sola
867 384 910 417 ea-

50 449 125 508 ritate,
141 451 201 497 nulla
217 452 252 496 sui
266 454 403 498 necessitate
419 452 552 499 rationalem
573 454 674 512 spiritum
692 442 790 511 creavit,
812 457 836 498 ut
856 465 913 514 eum

49 530 108 576 illius
124 530 194 589 boni,
211 530 272 592 quod
288 534 336 591 ipse
356 537 421 592 erat,
438 539 460 579 et
477 545 521 592 quo
545 534 593 592 ipsc
610 534 689 579 beatus
707 538 762 591 erat,
776 535 908 593 participem

49 609 149 655 facerem
162 617 191 668 1).

111 691 186 749 „Deus
209 691 247 751 qui
268 704 376 738 sumnuun
399 699 421 739 et
437 706 516 739 verum
531 693 699 754 perlectumque
716 694 798 740 bonum
819 699 860 752 est,
875 696 906 741 ita

48 771 78 816 ab
94 764 188 818 aeterno
205 773 229 818 in
246 785 272 818 se
291 779 313 819 et
328 787 369 832 per
385 787 410 819 se
428 774 507 819 beatus
524 774 572 831 luit,
592 778 615 820 ut
632 776 679 819 eius
698 774 772 833 gloria
791 779 813 819 et
830 776 907 820 beati-

47 854 110 913 tudo,
128 855 233 917 quoniam
250 837 342 916 aeterna
358 860 381 900 et
397 842 590 917 incommutabilis
602 859 657 910 erat,
673 865 720 898 non
734 859 812 911 posset
822 857 905 902 minui:

47 938 71 978 et
86 934 191 994 quoniam
208 936 315 995 plena-et
336 935 439 995 perfecta
456 935 544 992 fuerat,
568 948 614 980 non
628 939 707 994 posset
723 936 809 995 augeri.
840 935 905 989 Nullo

47 1015 116 1074 igitur
137 1015 258 1075 indIgens‚
278 1016 320 1061 sed
345 1016 428 1060 bonum
450 1014 511 1073 quod
527 1016 575 1073 ipse
591 1019 640 1059 erat
658 1020 680 1059 et
696 1028 740 1073 quo
755 1015 834 1060 beatus
851 1022 906 1072 erat,

48 1097 99 1141 cum
115 1094 163 1140 aliis
176 1095 311 1154 participare
329 1100 351 1140 et
365 1094 421 1141 alios
437 1096 460 1141 iu
473 1095 510 1140 illo
524 1101 546 1140 et
556 1109 597 1154 per
608 1095 661 1141 illud
672 1095 801 1141 beatificare
818 1095 906 1154 volens,
947 1087 950 1090 ⁴

46 1175 110 1221 noello
126 1174 268 1232 reccaredum,
284 1174 327 1220 sed
341 1176 392 1219 solo
408 1175 505 1220 caritate
521 1175 609 1241 creauit
624 1176 755 1221 rationalem
772 1181 905 1233 creaturam,

45 1255 71 1301 id
88 1261 122 1301 est
139 1257 228 1315 spiritus
246 1255 383 1314 rationales,
398 1257 507 1316 iussitque
524 1260 548 1301 ut
562 1257 605 1315 ipsi
620 1257 700 1315 partim
715 1258 738 1302 in
753 1269 794 1302 sua
809 1257 905 1314 puritate

48 1338 214 1396 persisterent,
239 1340 318 1397 partim
335 1343 359 1384 ut
376 1350 446 1383 carne
463 1338 537 1384 vestiti
556 1347 638 1396 corpus
656 1336 774 1382 humanum
791 1337 820 1382 ad
837 1339 905 1383 vitam

46 1422 70 1462 et
85 1417 222 1464 adsensum
239 1419 416 1475 attimacum).
578 1470 580 1475 ,
645 1409 647 1411 ’

110 1499 198 1556 „Quare
214 1511 271 1557 ergo
282 1499 335 1543 fecit
346 1499 401 1544 deus
412 1501 546 1556 creaturam,
561 1498 582 1543 'si
597 1498 680 1544 bonum
697 1501 745 1545 eius
757 1504 846 1544 arictum
857 1512 904 1545 non

46 1582 81 1623 cst
98 1591 139 1637 per
156 1580 303 1628 creaturam?
321 1578 347 1623 R.
365 1579 463 1624 Caritate
477 1591 525 1624 non
540 1580 677 1625 necessitate
690 1578 744 1625 fecit
760 1580 816 1625 deus
835 1593 905 1638 opera

47 1671 99 1703 sua:
126 1672 173 1703 non
194 1663 219 1703 ut
242 1658 270 1703 alt
295 1660 329 1703 eis
351 1659 435 1705 bonum
457 1672 521 1704 suum
536 1664 647 1719 augeret,
670 1660 712 1705 sed
730 1664 753 1705 ut
768 1661 802 1705 eis
820 1660 904 1715 bonum

46 1750 111 1784 suum
120 1740 269 1799 impenderet.
301 1740 364 1787 Fecit
374 1742 434 1786 enim
442 1741 575 1786 rationalem
588 1745 719 1797 creaturam,
734 1743 758 1785 ut
773 1753 823 1785 eam
839 1742 862 1785 in
878 1752 905 1785 se

42 1821 196 1867 beatificaret:
215 1824 251 1868 cui
268 1823 359 1882 quidem
377 1823 406 1868 ad
425 1823 558 1881 obsequium
574 1827 650 1866 cetera
668 1822 744 1867 omnia
760 1821 863 1878 subiecit⁷
878 1833 905 1866 se

44 1902 118 1959 ipsum
133 1902 155 1946 ei
171 1903 295 1959 praemium
313 1902 342 1947 ad
358 1903 454 1962 gloriam
472 1904 653 1961 proponeus‘ffl).

106 1981 211 2028 Petrus
232 1983 666 2028 Lombardussententiarum
683 1980 840 2040 magister.

309 2057 372 2112 Quod*
384 2064 508 2103 calliolieum
523 2073 559 2108 est,
574 2062 639 2101 docet.

105 2132 202 2189 „Horum
222 2125 277 2193 erpo
294 2137 316 2177 et
332 2134 436 2179 similium
453 2145 553 2178 errorem
569 2131 660 2191 spiritus
677 2132 768 2175 sanetus
783 2141 903 2187 evacuans,

42 2213 188 2271 veritatisque
219 2213 359 2272 disciplinam
384 2213 494 2271 tradens,
518 2213 584 2257 deum
606 2213 630 2256 in
649 2211 759 2270 principio
778 2215 903 2268 temporum

44 2292 151 2338 mundum
166 2305 266 2351 creasse,
282 2298 305 2339 et
322 2299 373 2339 ante
389 2298 491 2352 tempora
509 2292 654 2338 aeternaliter
666 2292 767 2335 extitisse
783 2290 901 2349 significat,

43 2372 114 2430 ipsius
137 2375 291 2419 aeternitatem
308 2377 330 2418 et
347 2371 529 2431 omnipotentiam
544 2370 713 2416 commendans.
746 2369 786 2415 Cui
800 2369 901 2415 voluisse

43 2451 121 2498 facere
138 2459 184 2499 cst:
211 2455 262 2512 utria
278 2458 314 2510 (ut
328 2452 492 2512 praediximus)
511 2464 541 2497 err
563 2450 612 2496 eius
629 2449 745 2495 voluntate
760 2456 784 2497 et
799 2449 900 2495 bonitate

43 2543 81 2576 res
95 2544 171 2576 novae
187 2533 291 2577 existunt.
324 2532 445 2577 Credamus
461 2543 516 2589 ergo
528 2543 603 2575 rerum
617 2531 746 2574 'creatarum
764 2528 900 2586 caelestium,

44 2611 192 2669 terrestrium,
209 2611 329 2656 visibilium
345 2612 382 2656 vel
401 2610 544 2655 invisibilium
562 2620 656 2654 euersam
672 2621 717 2651 raon
733 2620 782 2652 esse
797 2607 842 2652 nisi
857 2608 899 2652 bo-

44 2691 136 2735 nitatem
154 2690 281 2744 secutoris,
300 2690 338 2749 qui
354 2693 388 2734 cst
405 2688 460 2734 deus
476 2701 534 2735 rinus
551 2692 573 2734 et
588 2699 663 2733 verus.
695 2685 769 2731 Huius
786 2691 849 2733 tauto
865 2692 899 2732 est

85 2886 240 2937 murmillonis
260 2889 387 2939 theologicae
408 2890 434 2927 <le
454 2890 581 2929 sacramentis
601 2881 650 2926 fidei
670 2886 705 2924 lib.
727 2887 736 2922 I
757 2897 777 2936 p,
797 2884 825 2923 Vl
844 2896 861 2922 c.
878 2886 896 2922 1.

123 2958 176 2996 Edit·
190 2960 232 2996 var.
250 2971 268 2995 a.
283 2958 333 2996 1526
348 2958 383 2996 fol.
398 2959 437 2997 326
451 2961 490 2998 litt.
506 2973 522 2996 e.

12 3044 13 3047 =
82 3027 103 3078 2)
120 3027 245 3065 Eruditiouis
263 3021 352 3076 theolog.
373 3028 469 3077 Dialogus
491 3029 516 3065 de
538 3028 666 3065 sacramentis
685 3027 734 3077 legis
754 3028 852 3065 naturalis
875 3032 896 3064 et

124 3099 209 3148 scriptae
223 3100 236 3137 l.
252 3111 268 3134 c.
283 3099 318 3134 fol.
334 3097 373 3134 243
389 3099 429 3135 litu.
444 3099 468 3135 N.

82 3164 103 3218 3)
117 3166 182 3204 instit.
198 3172 284 3205 mormst.
300 3166 325 3204 de
340 3166 429 3208 vanitate
441 3167 511 3206 rnundi
528 3165 564 3204 lit.
578 3166 613 3203 Ill.
