1979 3399
382 57 586 113 -stiflu

56 198 139 246 Eorum
156 212 213 260 quae
230 198 340 246 hoc-loco
357 202 447 246 narrata
464 201 531 256 sunt,
555 198 634 259 partim
653 209 680 243 ea
696 199 748 244 sunt
764 208 821 257 quac
838 210 851 242 a
866 209 908 243 vr-

56 282 122 328 rilatc
140 280 265 339 discedant,
282 283 361 343 partim
378 296 404 328 ca
421 295 479 341 quae
495 280 577 327 lumine
594 293 635 328 suo
651 286 675 327 ut
690 280 829 327 illustrentur
842 278 909 339 flagi-

56 367 110 409 tent.
142 364 236 411 Primum
256 363 344 422 quidem
366 377 443 409 verum
455 375 505 409 vnon
521 369 571 420 est,
592 361 787 422 arehiepiscopum
805 357 908 407 omnihus

56 447 146 494 clericis
162 452 186 492 ut
209 460 250 491 eos
274 446 302 492 ad
321 446 448 491 functiones
471 448 524 491 s'uas
541 451 605 505 aptos
621 444 755 502 declararet,
771 444 812 489 has
829 442 907 488 theses

56 528 85 573 ad
97 527 282 573 subscribendum
293 528 447 587 proposuisse.
478 526 534 572 Nam
548 527 666 572 admodum
676 527 755 587 paucis
766 525 795 571 ad
806 525 910 571 subscri-

55 609 153 656 bendum
176 622 217 655 eas
236 611 367 669 proposuit,
390 614 413 654 et
437 608 471 654 his
492 608 611 655 admodum
626 611 704 669 paucis
720 608 768 654 fere
785 620 814 653 eo
831 620 906 653 rerum

55 691 259 752 statu-proposuit,
282 705 326 751 quo
343 691 434 736 minime
451 703 491 736 eas
506 689 535 735 ad
553 689 737 736 subscribendum
752 689 848 751 proponi
864 702 908 734 ae-
943 753 944 756 Ἴ

56 786 122 832 quum
142 772 197 830 fuit,
217 771 239 817 h.
265 785 285 817 e.
308 776 360 818 tunc
376 786 442 831 quum
464 772 521 831 ipsis
536 772 627 816 minime
645 772 713 816 otium
730 776 796 830 atque
814 770 908 815 facultas

54 859 104 900 erat
119 852 224 911 videndi,
244 866 296 899 num
313 853 452 899 conscientia
470 856 598 912 pateretur,
622 850 657 897 his
679 851 778 898 thesibus
795 850 907 896 subscribi

54 947 99 980 nec
118 947 161 993 ne,
180 939 232 980 tunc
256 947 322 993 quum
345 934 433 993 etipse
451 938 474 979 et
494 932 531 992 qui
545 933 587 993 ipsi
609 937 657 978 crat
678 933 705 979 ab
726 932 826 992 epistolis
845 931 910 992 quasi

54 1015 135 1060 baculo
148 1015 226 1059 armati
238 1019 370 1073 praesentes
384 1013 507 1071 adstarent,
521 1019 574 1060 tnnc
589 1027 640 1060 cum
655 1014 678 1059 in
687 1027 766 1060 munus
778 1013 909 1073 promereri

54 1108 80 1142 se
96 1100 210 1154 cuperent.
241 1095 266 1141 Si
281 1095 381 1141 thesibus
395 1095 581 1153 subscribebant,
596 1097 761 1154 promotionem
777 1107 842 1153 quam
860 1107 910 1140 am.

53 1175 146 1222 biebant
166 1176 228 1221 'nacti
248 1180 314 1233 sunt,
331 1176 355 1223 ,si
375 1176 511 1223 recusabant
533 1189 616 1222 nomen
638 1176 795 1233 subscribere,
812 1177 835 1222 in
852 1174 910 1221 locis

54 1258 101 1304 suis
116 1257 189 1304 relicti
213 1257 295 1304 autad
311 1257 389 1317 peiora
407 1259 523 1318 minusque
540 1259 655 1305 fructuosa
672 1258 757 1305 detrusi
773 1262 831 1309 sunt.
862 1256 911 1301 lta-

53 1352 97 1398 que
118 1340 141 1385 in
165 1339 262 1385 nominis
285 1338 448 1398 subscriptione
470 1353 516 1385 non
533 1338 561 1385 de
577 1338 713 1385 orthodactc
734 1338 859 1398 agebatur:
873 1337 909 1382 sic

54 1417 113 1463 enim
125 1429 172 1462 non
187 1417 294 1474 licuisset,
310 1422 333 1462 ut
350 1417 377 1474 ii,
387 1419 432 1476 qui
447 1422 587 1476 recusarent,
604 1420 758 1467 sacerdotales
774 1420 906 1467 functiones

54 1498 145 1543 omnino
164 1502 303 1543 exercerent.
343 1498 388 1543 Res
412 1498 536 1544 admodum·
553 1500 609 1547 mira
634 1505 657 1546 et
671 1491 817 1548 incredibilis
838 1500 907 1556 libro,

55 1581 117 1626 cuius
132 1593 215 1625 nomen
229 1579 287 1626 infra
303 1580 409 1639 scriptum
425 1585 473 1638 est,
490 1580 592 1639 innotuit,
604 1596 638 1645 eu
649 1594 692 1642 quo
707 1581 765 1627 libro
784 1580 911 1630 accuratis-

54 1661 261 1722 simeperspicitur,
274 1662 386 1721 quomodo
402 1662 584 1724 archiepiscopus
596 1664 619 1710 in
635 1663 679 1708 hac
694 1676 719 1709 re
734 1662 873 1724 processerit
883 1665 910 1719 ¹).

54 1745 132 1802 Neque
154 1757 232 1789 uerum
255 1747 304 1802 est,
322 1743 441 1789 nonnullos
466 1744 610 1804 professores
636 1744 796 1792 hermesianos
818 1745 911 1804 obsequi

56 1823 208 1870 accaronitae.
247 1824 339 1871 Scilicet
362 1837 470 1871 recusare
496 1837 542 1870 non
566 1830 685 1885 poterant,
709 1831 829 1886 propterea
851 1825 912 1886 quod

54 1917 130 1963 nemo,
141 1917 218 1964 neque
229 1904 412 1964 archiepiscopus
429 1918 503 1966 neque
518 1905 657 1963 iuuenoulus,
668 1908 706 1967 qui
720 1908 763 1966 ipsi
779 1906 806 1952 ab
824 1908 911 1966 episto-

53 1984 83 2030 lis
104 1985 150 2031 fuit'
165 1998 274 2046 quemque
299 1987 343 2031 iam
366 1985 479 2032 abdicauit
500 1986 594 2042 (utinam
610 2000 723 2045 nunquam
746 2000 797 2032 eum
812 1988 911 2033 ascivis-

55 2071 102 2122 set]
119 2064 220 2112 illichch's
237 2080 310 2125 neque
331 2067 434 2125 superior
449 2065 562 2125 parochus
583 2066 710 2113 Bonnensis
725 2080 771 2112 cun
793 2067 908 2127 llbhuem,

54 2149 92 2207 qni
108 2160 163 2206 quas
178 2154 254 2208 partes
271 2149 294 2194 in
317 2148 360 2193 hac
377 2161 446 2195 causa
461 2147 544 2193 acriter
559 2147 640 2207 egerit,
656 2147 775 2207 aliquando
795 2148 819 2195 iu
834 2148 907 2194 lucem

54 2226 211 2287 protrahetur,
237 2228 372 2286 postulavit,
391 2231 416 2272 ut
437 2228 480 2286 ipsi
501 2227 601 2274 thesibus
618 2227 793 2275 subscriberent.
825 2229 910 2274 Perro-

55 2310 106 2356 nius
122 2323 172 2359 cum
187 2308 339 2369 professorem
356 2308 525 2354 Hermcsianum
540 2309 631 2354 nomine
648 2310 761 2369 appellare
781 2310 851 2368 velit,
867 2311 907 2357 abs

56 2403 100 2451 quo
121 2391 305 2450 archiepiscopus
320 2389 471 2449 postulaverit,
485 2394 510 2436 ut
525 2389 626 2436 thesibus
642 2390 813 2438 subscriberet!
830 2392 869 2440 Sin
885 2391 909 2438 id

56 2485 102 2519 non
119 2476 209 2530 potest,
226 2471 245 2517 si
261 2470 305 2517 hoc
325 2482 402 2516 rursus
419 2469 498 2516 falsum
514 2475 558 2531 est,
573 2475 597 2518 ut
613 2483 694 2517 revera
708 2471 850 2521 falsissimum
867 2479 910 2531 est,

56 2565 100 2610 qua
114 2537 175 2599 ‘iusta
192 2564 260 2595 causa
277 2552 319 2596 iam
337 2551 421 2604 nititur,
438 2555 475 2597 aut
488 2555 511 2597 ut
529 2553 655 2598 accuratius
671 2553 751 2611 dicam,
766 2567 823 2612 quae
839 2567 909 2600 causa

55 2633 100 2679 iam
113 2631 141 2676 ad
158 2631 255 2690 speciem
266 2631 382 2690 praetendi
391 2636 486 2692 poterat,
503 2647 552 2680 curn
564 2633 748 2692 archiepiscopus
761 2636 849 2681 clericis
861 2636 908 2681 suis

57 2713 178 2772 interdixit,
195 2725 224 2759 nc
241 2701 429 2771 praelectionibus
446 2712 642 2760 Hermesianorum
658 2714 811 2760 interessentf
827 2715 908 2762 Nonne

37 2787 38 2790 '
56 2793 101 2841 hoc
118 2795 208 2840 omnino
224 2798 302 2840 contra
318 2807 384 2840 ornae
403 2794 439 2840 ius
456 2800 478 2840 et
493 2795 527 2841 fas
543 2800 565 2840 et
582 2806 676 2854 aequum
693 2795 836 2842 interdictum
852 2796 908 2842 est?

117 2876 145 2922 Hi
160 2889 258 2933 errores,
276 2876 375 2938 quamvis
392 2889 476 2935 graues
492 2878 573 2923 sintin
589 2887 626 2932 eo,
643 2875 680 2934 qui
690 2878 838 2934 asseveravit,
852 2889 905 2922 sese

59 2994 100 2999 ·--*
103 2994 244 3003 ——ffi—-a

99 3052 118 3104 1),
132 3051 170 3090 Res
185 3050 292 3090 admodum
301 3053 366 3098 ηιὶνιῑ,
388 3066 427 3104 qua
439 3054 539 3093 'aestimari
554 3058 620 3104 potest
633 3059 653 3089 et
668 3052 785 3099 diiudicari,
801 3055 903 3108 quomodo

136 3120 296 3173 archiepiscopus
312 3121 402 3161 clemens
415 3126 521 3176 „augustus
534 3122 646 3163 sacerdotes
662 3123 762 3164 dioecesis
778 3125 905 3166 Colonicrrsis

135 3192 255 3234 tractaverit.
285 3192 365 3231 Bonnae
380 3195 434 3246 apud
447 3193 556 3238 thebarum
571 3193 628 3231 1838.
722 3181 724 3184 ι
