1979 3399
97 325 219 380 Vertt'otts‘
233 326 340 375 stadium
358 327 383 370 ta
399 321 538 371 Hernrosto.
558 349 585 357 -
614 320 680 372 Urtde
696 323 812 382 oriptnem
828 299 954 368 traxerint

160 412 214 455 etos
227 394 398 455 dubitationes
418 427 448 438 —
467 404 582 451 Perronit
598 405 699 452 astutia.
717 429 745 438 -
764 403 829 461 Quid
846 403 876 450 do
889 402 954 450 rnna

159 490 230 535 arrosit
246 484 438 533 dubitationibus
454 484 616 544 statuentium.
906 557 923 586 ·

157 653 302 703 inveniuntur
319 658 356 718 qui
379 659 448 704 vitam
465 657 590 716 transigant
604 667 651 702 non
666 656 817 716 quaerentes,
832 652 893 698 unde
910 655 954 697 orti

94 740 118 782 et
133 751 177 797 quo
192 739 281 795 venturi
298 738 349 782 sint.
380 739 447 784 Pauci
472 737 560 798 quidem
587 749 681 782 numero
705 734 822 791 videntur,
839 746 883 778 nec
898 746 954 778 sane

96 830 124 862 ec
143 817 245 863 fruuntur
262 818 348 876 ingenii
366 818 440 876 cultu⁷
457 819 492 863 cui
508 817 619 863 inrideas.
651 816 696 862 Alii
713 815 883 874 quaestionem,
901 813 954 871 quid

95 897 164 943 fuorit
190 903 213 943 et
234 898 330 943 futurum
350 899 380 943 sit
398 898 524 956 danobis,
549 898 675 943 detrectant
690 901 713 942 et
736 894 891 940 conscientiae
909 906 954 938 vo-

95 992 148 1024 cem
160 980 220 1025 ritae
243 979 416 1025 iucunditatibus
442 985 465 1025 et
486 981 579 1037 strepitu
598 980 699 1024 nituntur
721 975 878 1033 comprimere.
909 973 954 1020 At-

62 1093 64 1096 .
96 1063 172 1103 tamen
195 1072 242 1104 non
265 1072 342 1103 omnes
365 1058 388 1102 id
411 1058 477 1116 piane
498 1056 591 1103 efficere
612 1063 721 1116 possunt3
739 1069 790 1100 nam
813 1055 850 1115 qui
866 1054 955 1098 meliori

97 1139 193 1197 quadam
217 1144 296 1184 natura
318 1139 413 1197 praediti
435 1142 486 1183 sunt
506 1151 535 1183 ex
557 1139 599 1195 iis,
621 1151 695 1198 netpre
716 1136 791 1181 adiuro
806 1136 830 1201 in
847 1147 954 1180 summam

97 1216 213 1262 levitatem
238 1217 377 1277 inciderunt,
400 1217 424 1262 hi
444 1218 534 1277 quidem
554 1217 584 1263 ad
603 1219 748 1277 quaestiones
768 1216 876 1261 interiore
895 1228 954 1260 voce

96 1299 226 1356 propositas
248 1300 419 1356 responsionem
449 1299 544 1357 aliquam
568 1299 763 1358 clrcumspiciunt‚
789 1309 862 1354 neque
888 1301 955 1340 antea

97 1392 163 1436 quam
181 1379 323 1434 invenerint,
341 1380 495 1435 actpricsount.
528 1379 610 1428 Verum
628 1380 743 1424 enimvero
759 1382 809 1422 sunt
831 1378 897 1422 etiam
911 1376 956 1421 ho-

95 1458 168 1502 mines
185 1458 251 1502 aliter
267 1458 402 1516 comparati,
421 1458 500 1516 (pribus
516 1459 607 1503 minimo
623 1459 719 1516 sufficit⁷
735 1457 773 1502 iali
788 1457 856 1502 modo
872 1457 954 1501 sedare

96 1538 209 1594 altimum,
225 1549 319 1595 quorum
336 1537 428 1596 ingenio
445 1536 527 1582 ardens
545 1538 641 1583 studium
656 1538 756 1583 innatum
771 1542 813 1594 est,
830 1550 955 1595 qumncun-

99 1631 142 1675 que
159 1618 278 1662 veritatem
295 1630 367 1675 ustpre
385 1617 414 1660 ad
431 1621 554 1669 extremum
570 1617 655 1662 fontem
671 1617 837 1676 persequendi,
854 1619 891 1676 qui
908 1630 955 1661 non

99 1696 225 1754 quiescunt,
242 1695 316 1742 donec
335 1695 364 1739 ad
380 1695 541 1754 hunc-iontem
558 1697 730 1753 descenderint,
747 1698 784 1755 qui
801 1710 879 1742 omnes
895 1700 954 1743 vitae

98 1776 249 1821 iocunditates
265 1776 390 1835 negligunt,
405 1775 491 1821 fructus
507 1779 607 1835 mittunt,
624 1777 761 1822 irritamenta
777 1778 896 1835 voluptatis
915 1793 955 1824 su-

97 1859 185 1913 perant,
202 1856 243 1900 sed
261 1856 320 1900 iliam
338 1857 439 1901 veritatis
455 1858 526 1914 sitim,
544 1857 597 1903 illud
610 1863 686 1902 certae
704 1858 857 1916 persuasionis
875 1860 966 1916 acqui,

97 1935 184 1979 rendae
200 1934 296 1980 studium
313 1936 404 1981 missum
419 1937 496 1982 iacere
512 1936 571 1982 anilo
589 1937 657 1982 modo
672 1943 772 1996 possunt.
804 1939 839 1983 Ex
855 1939 900 1984 hoo
911 1954 956 1985 nu-

97 2027 161 2059 mero
175 2015 305 2071 Hermesius
321 2016 368 2061 suit
401 2016 460 2062 Talis
476 2023 524 2062 erat
542 2018 565 2061 in
581 2030 609 2061 eo
625 2017 731 2074 indoles,
749 2031 806 2076 quae
822 2022 955 2065 necessario

98 2107 149 2139 enm
169 2096 198 2139 ad
222 2096 403 2154 investigandum
425 2102 448 2142 et
468 2099 653 2156 perscrutandum
675 2098 805 2143 adduceret.
844 2099 881 2158 „nl
905 2113 956 2159 age,

98 2179 271 2232 qrrantocunque
291 2173 379 2219 demum
394 2177 466 2234 pretio
483 2181 586 2233 constet⁷
600 2182 624 2222 ut
638 2178 755 2223 veritatem
772 2184 916 2238 cognoscas,
932 2185 956 2224 ut

100 2251 129 2296 de
145 2253 240 2296 veritate
255 2252 296 2296 tibi
311 2267 443 2309 persuasum
461 2254 509 2311 sit‘⁴‚
526 2257 557 2300 ita
573 2257 668 2300 interior
684 2269 730 2300 vox
745 2256 768 2299 in
786 2257 902 2302 Hermesio
919 2258 957 2302 lo-

58 2381 60 2385 r
100 2328 217 2385 parebatur.
249 2329 324 2387 Atque
343 2330 401 2374 haec
419 2331 515 2388 indoles,
533 2319 562 2376 ari
578 2333 626 2376 veri
643 2333 839 2393 investigationem
855 2338 957 2396 compel-

100 2407 159 2464 lens,
174 2409 199 2451 in
213 2408 438 2453 Hermesio'exculta
456 2414 504 2454 erat
520 2424 562 2468 per
576 2411 692 2468 tiathesim
709 2427 766 2471 quae
785 2416 874 2474 (paridem
892 2431 956 2463 arsa

100 2488 193 2533 lenitate
209 2489 232 2533 in
245 2488 313 2533 rebus
324 2489 455 2546 tractandis,
472 2502 485 2534 a
497 2492 564 2535 moris
578 2492 726 2549 opinionibus,
743 2508 756 2538 a
770 2494 873 2542 fanaticis
882 2498 957 2556 phan-

101 2568 174 2613 tasiae
197 2569 291 2613 somniis
315 2568 352 2613 vel
375 2570 471 2613 nranime
493 2569 596 2615 homines
619 2585 698 2617 arcere
722 2573 786 2619 solet.
819 2575 904 2621 Eadem
919 2578 957 2623 iila

99 2647 190 2693 indoles
209 2648 360 2693 adimnentum
376 2654 495 2706 acceperat
511 2662 540 2693 en
554 2651 715 2711 pspchotogiae
736 2655 856 2712 empiricae
873 2658 956 2715 strutio,

100 2740 145 2786 quo
162 2742 187 2774 se
204 2730 276 2788 ipsum
295 2728 384 2785 penitus
400 2742 498 2774 noscere
515 2729 633 2787 didiceram
651 2739 759 2791 provecta
775 2740 824 2779 erat
834 2736 957 2783 Fuersten-

101 2805 174 2865 hergli
190 2819 268 2865 opera,
288 2807 433 2852 severissimo
449 2808 619 2872 praecipientis⁷
634 2816 657 2856 ut
676 2825 754 2858 omncs
771 2820 831 2859 artes
848 2822 870 2860 et
886 2820 958 2866 disci-

103 2883 176 2940 plinae
191 2899 236 2932 non
251 2886 296 2932 levi
312 2887 420 2942 inachio,
437 2887 479 2932 sed
497 2888 569 2933 solide
586 2894 798 2951 accommodateque
817 2895 846 2940 ad
862 2900 958 2956 peritio-

105 2975 153 3005 rem
170 2977 242 3010 rerum
260 2967 377 3026 scientiam
395 2966 563 3025 adipiscendam
582 2966 735 3020 tractarentur.
768 2974 814 3019 Iam
832 2987 888 3020 vero
899 2975 959 3021 Her-

106 3043 200 3087 mesiam
216 3059 256 3103 pro
273 3049 349 3093 indole
362 3049 406 3107 ipsi
419 3048 496 3093 innata
508 3061 554 3093 non
565 3055 683 3107 potuerunt
696 3067 743 3098 non
751 3053 897 3100 vehementer
907 3070 959 3101 mo-

105 3132 161 3168 vere
178 3134 216 3168 res
234 3136 262 3170 ea
279 3133 350 3174 aetate
368 3133 460 3188 gestae,
480 3127 595 3176 clariritandi
610 3129 696 3191 libido,
711 3133 765 3180 fidei
780 3133 897 3195 deiectus,
919 3150 960 3196 sp-
