1979 3399
437 96 623 151 ψῃ..

157 237 243 294 Quodsi
259 237 378 284 Petronius
396 234 472 294 tradit,
490 236 564 281 statim
580 234 608 279 ab
628 234 706 292 initio,
734 239 879 296 posteaquam
896 233 957 281 ller-

94 324 179 366 mesius
191 323 213 365 iu
222 317 549 365 universitate'llonasleriensi
568 316 734 375 praelectiones
751 315 862 378 habuerit,
876 316 957 362 stataet„

94 408 152 462 totas
176 401 333 445 intercessisse
349 400 408 444 iuter
426 401 497 458 ipsum
515 404 537 443 et
553 411 603 443 eum
621 397 658 455 qui
671 410 733 442 ritino
750 401 785 442 est
799 397 956 456 aroldepisco-

93 497 135 541 pus
153 482 302 538 (pioniensis,
321 480 373 538 hoc,
391 480 578 539 quemadmodum
593 478 642 522 l'ere
662 479 736 524 omnia
753 491 810 537 quae
828 479 956 530 aPerronio

92 568 225 619 narrantur,
247 562 327 606 salsum
347 567 389 606 est.
421 561 492 607 Nenro
509 563 597 620 estqui
613 562 760 621 cognoverit,
780 560 833 605 iude
850 560 878 604 ab
896 573 956 605 anno

93 644 152 690 root
171 655 243 702 usque
261 657 342 689 annum
360 643 434 702 1819,
450 657 493 703 quo
512 649 612 702 tempore
628 643 758 689 Hennesius
774 641 863 702 publice
881 647 904 688 et
915 642 958 688 'in-

93 725 156 785 signi
174 724 333 784 discipulorum
352 726 459 785 applausu
475 725 605 771 hlonasterii
625 725 764 786 theologiam
781 725 896 786 professus
913 730 957 781 est,

96 806 222 851 simultates
245 808 389 865 interipsum
407 812 429 850 et
446 806 581 851 Clementem
598 807 723 865 Augustum
742 807 770 851 de
786 808 869 852 Droste
885 808 958 851 inter·-

96 888 203 932 eessisso.
236 888 278 932 Per
296 900 362 932 omne
380 886 424 931 hoc
440 890 527 945 tempus
541 886 675 938 ,Hennesins
688 892 750 930 'nutis
769 891 817 929 erat
835 886 872 943 qui
889 885 958 931 theo-

95 967 180 1027 logiam
199 968 348 1026 dogmaticam
365 969 387 1013 in
403 968 550 1011 universitate
565 967 739 1012 lllouasterieusi
757 966 862 1023 docebat,
879 979 958 1012 omnes

96 1049 134 1106 qui
154 1048 284 1109 theologiae
301 1063 392 1109 operam
400 1043 529 1113 llonasgrii
544 1049 657 1094 navabant
674 1048 765 1094 scholas
782 1050 831 1094 eins
848 1048 959 1107 frequen-

96 1134 183 1186 tarunt,
200 1144 272 1188 neque
289 1144 386 1189 unquam
404 1143 453 1174 eam
471 1130 499 1175 ob
518 1142 622 1186 eausam,
641 1143 690 1174 oum
707 1131 812 1175 exatniua
829 1130 958 1189 theologica

95 1210 208 1264 subirent,
226 1223 256 1254 ne
271 1210 385 1254 minimum
402 1210 490 1268 quidem
507 1210 620 1255 sollicitati
638 1215 694 1256 suut.
727 1211 777 1256 Hoc
794 1210 897 1269 equidem
911 1222 958 1254 non

93 1291 192 1352 negabo,
210 1293 339 1350 episcopum
357 1295 402 1334 tum
418 1292 491 1349 magis
507 1290 604 1335 sortasse
620 1291 764 1348 probaturum
773 1290 852 1346 fuisse,
869 1291 887 1334 si
898 1290 959 1334 ller-

92 1373 177 1415 mesius
199 1372 277 1415 Latine
296 1371 462 1429 praelectiones
485 1383 537 1415 suas
558 1370 685 1428 habuisset,
710 1371 751 1416 sed
772 1369 831 1415 nulla
854 1369 956 1414 sirrratltos

92 1457 173 1496 exorta
190 1457 233 1496 est.
256 1452 343 1495 Etenim
361 1451 537 1496 cnrHeruresius
554 1465 608 1510 prae
626 1452 707 1496 ceteris
727 1452 756 1496 ob
772 1450 956 1510 linguarn'lheo-

93 1531 179 1578 discam
199 1535 221 1577 in
238 1524 371 1577 simultatem
394 1534 520 1577 incurreret
540 1532 599 1591 apud
620 1532 824 1577 administratorem
846 1531 954 1589 capitula-

91 1612 158 1657 rern‘?
191 1612 277 1671 Qarippe
301 1613 371 1657 ceteri
392 1612 522 1671 theologiae
541 1611 685 1670 professores
701 1613 724 1656 iu
741 1612 888 1657 universitate
905 1611 957 1656 lilo-

93 1695 242 1747 nasteriensi,
258 1691 438 1748 llisicmalrerus,
455 1691 641 1750 liuterhampius,
657 1690 840 1747 Brooluuanuus,
857 1692 900 1734 riri
916 1703 957 1748 per

93 1785 183 1816 omnem
202 1772 343 1816 Germaniam
363 1769 545 1826 celebratissimi,
562 1771 615 1815 item
632 1770 708 1829 lingua
724 1770 748 1814 in
765 1770 956 1829 praelectionibus

94 1853 140 1897 suis
150 1852 277 1898 Tlreodisoa
295 1851 421 1896 utebantur.
445 1850 594 1904 Qirauiobrem
607 1850 626 1895 si
636 1850 819 1909 archiepiscopus
837 1864 896 1895 nunc
909 1852 956 1896 Co-

93 1925 203 1978 loniensis
226 1946 293 1977 urituu
316 1932 456 1978 Hermesium
479 1930 507 1976 ob
528 1931 627 1990 linguam
646 1930 795 1976 theodiscam
817 1932 955 1989 cenavisset,

93 2015 114 2059 is
131 2013 191 2058 nullo
208 2012 276 2058 modo
293 2027 306 2058 a
324 2014 416 2059 erimine
434 2014 555 2073 iniquitatis
571 2013 701 2059 liberandus
718 2013 785 2058 foret.
817 2014 872 2058 ltarn
895 2026 955 2072 (quo-

92 2093 162 2138 ruodo
186 2106 236 2137 eum
259 2093 356 2138 iustitiae
379 2093 466 2153 legibus
490 2094 608 2139 conciliari
625 2099 716 2152 posset,
740 2095 760 2139 si
781 2096 819 2138 uni
837 2095 955 2139 llermesio

94 2174 262 2231 interdixisset,
286 2173 347 2233 quod
369 2175 451 2219 ceteris
467 2175 569 2220 omnibus
585 2175 743 2234 permitteret?
774 2174 956 2219 Ver·tturPe1·r·o-

92 2256 145 2299 uius
158 2254 266 2299 Romanis
282 2254 406 2301 lectoribus
423 2255 509 2312 scribit,
524 2259 591 2313 atque
607 2253 683 2299 iuliis
700 2254 759 2300 bona
772 2268 824 2313 pars
834 2260 868 2300 est
877 2268 955 2300 eorum

94 2335 133 2392 qui
148 2334 259 2391 nesciant,
277 2335 300 2378 iu
316 2335 436 2380 Germania
451 2336 604 2380 nobilissimos
622 2348 723 2393 quosque
740 2335 860 2394 theologos
878 2336 955 2395 lingua

94 2415 223 2460 theodisca
242 2416 265 2459 in
285 2415 475 2473 praelectionibus
494 2418 539 2461 suis
560 2421 582 2459 et
604 2416 693 2475 seriptis
715 2416 747 2460 uti
764 2415 845 2461 solere.
877 2418 955 2477 Neque

94 2497 154 2541 iusta
175 2509 244 2540 cansa
269 2495 355 2553 obstat,
379 2496 495 2554 quornirrus
513 2496 629 2541 Genuanis
652 2497 720 2543 lieeat
741 2499 812 2556 patria
835 2498 911 2557 lingua
932 2500 955 2544 in

94 2577 184 2636 scriptis
200 2577 247 2621 suis
262 2577 300 2634 uti,
319 2590 368 2621 euru
384 2577 512 2636 gratissimi
529 2582 632 2623 auctores
651 2577 800 2623 ecclesiastici
815 2580 896 2638 prioris
906 2580 956 2625 aeri

92 2659 164 2703 libros
174 2656 317 2715 theologicos
328 2658 399 2716 patria
408 2656 484 2717 lingua
495 2657 613 2703 ediderint.
624 2658 700 2704 Patres
708 2663 729 2703 et
736 2659 858 2718 scriptores
866 2659 955 2718 Graeci,

92 2738 161 2783 veluti
175 2736 457 2794 ClemensAlexandrinus,
473 2736 593 2796 Origenes,
610 2737 727 2797 Eusebius,
742 2739 892 2801 AthanasiuS,
909 2741 956 2786 Ba-

94 2820 156 2865 silius
168 2819 275 2878 llagnus‚
292 2817 474 2877 Chrpsostomus,
490 2829 567 2863 omnes
583 2817 606 2862 hi
623 2818 710 2865 Graece
728 2821 881 2878 scripserunt3
899 2819 956 2865 Ter-

95 2900 206 2956 tullianus,
224 2899 366 2956 Arribrosius,
381 2897 537 2957 Augustinus,
550 2897 646 2945 Hilarius
668 2899 760 2958 Latine,
777 2899 799 2943 h.
817 2913 837 2945 e.
854 2900 957 2959 populari

95 2980 172 3041 lingua
194 2981 339 3039 scripserunt.
378 2980 447 3024 Immo
472 2990 490 3022 e.
506 2976 655 3038 Augustinus,
677 2993 720 3040 quo
737 2979 852 3027 rriuliitndo
877 2981 956 3026 melius

96 3060 237 3118 intelligeret,
254 3074 310 3119 quae
323 3062 370 3119 ipse
385 3058 503 3116 scriberet,
522 3059 543 3102 iu
552 3059 625 3105 multis
634 3061 741 3105 librorum
756 3074 847 3108 suorum
865 3075 878 3106 a
893 3064 957 3120 puri-

96 3145 142 3185 tate
155 3139 247 3185 Latiuae
265 3141 370 3185 dictionis
389 3137 499 3183 discessit.
516 3137 818 3185 LitteraeFranco-Gallicae
834 3145 956 3199 praestan-

95 3220 154 3265 tibus
174 3221 196 3264 in
211 3219 325 3280 theologia
342 3219 448 3279 operibus
470 3217 595 3277 abundant,
618 3225 640 3265 et
661 3233 738 3265 noune
759 3220 847 3267 litterae
863 3220 954 3266 Italicae
