1979 3399
415 53 613 117 -souss

76 217 128 251 rrain
144 203 291 252 Christianam
306 204 382 262 ponit:
407 202 583 264 usttutppsoa,
609 211 664 264 „rios
681 202 801 251 Christiani
818 205 877 254 docti
894 220 935 255 sua
953 208 955 210 ’

78 293 148 345 must
164 287 223 346 quod
239 288 309 332 verbo
332 287 369 332 illo
386 289 493 346 probatur
512 301 555 347 quo
573 301 626 337 usus
645 295 679 335 cst
694 275 737 334 lmc
754 289 813 333 loco.
846 289 935 336 Niliilo-

78 369 151 413 minns
167 368 222 421 lraec
239 366 356 424 doctrina,
379 375 445 427 aquarn
464 382 484 433 s..
498 368 595 414 lustinus
620 369 668 427 plus
693 372 763 416 semol
785 377 808 416 ut
829 371 935 416 traditum

81 449 204 493 doctrinam
223 435 371 494 Clulstianam
387 452 500 507 proponit,
516 450 573 494 litai-rc
590 449 705 506 doctriua,
722 452 832 509 uuquam
849 465 889 509 per
906 451 934 494 li

78 529 169 575 saticula
189 535 279 575 sanetus
303 534 385 588 inartvr
402 543 448 575 non
467 531 606 590 impugnatus
631 536 680 587 est,
697 530 754 576 haec
772 533 872 578 tussibus
889 531 935 575 Co-

78 610 217 656 loniensibus
231 615 335 670 tanquam
347 611 460 657 ecclesiae
472 612 530 657 haud
540 614 633 670 probata
646 615 771 672 proscripta
785 620 826 670 est,
842 614 936 658 eadem=

78 708 123 753 que
141 709 153 738 a
169 694 283 739 nonnullis
310 695 398 740 clericis
422 700 526 754 tunquam
548 694 598 739 talis
617 695 766 740 condemnata
787 703 853 754 atque
869 694 936 738 abiu-

81 782 129 821 rata
147 777 190 821 iam
207 781 248 821 est.

145 870 254 915 Tutiomis
270 870 358 929 Spros,
384 872 485 930 quamvis
502 875 579 930 posta
596 871 649 927 via,
672 872 695 916 in
716 883 782 929 quam
800 883 812 914 a
828 870 936 928 magistro

80 964 121 996 suo
138 951 225 996 Iustino
240 958 341 1010 antutpre
355 953 434 998 eluctus
452 958 507 1009 erat,
523 952 652 1008 declinavit,
669 951 710 996 uae
727 957 801 997 tarnen
815 951 837 995 iu
852 964 878 995 re
893 949 937 994 do-

80 1035 173 1079 ctrinam
191 1034 348 1092 praeceptoris
365 1034 442 1077 terurit.
476 1033 500 1076 ln
516 1046 585 1091 opere
602 1031 711 1078 adversus
728 1032 828 1076 Graecos
846 1030 937 1075 scribit:

79 1114 157 1172 ,llunc
175 1115 265 1171 (ileum)
283 1128 312 1158 er
330 1114 381 1168 his,
406 1127 463 1172 quae
480 1114 565 1159 creavit
581 1115 754 1173 cognoscimus,
780 1118 802 1158 et
816 1112 938 1172 potentiam

82 1196 217 1240 invisibilem
234 1196 382 1254 exoperibus
398 1195 592 1254 apprclremlimus.
625 1196 686 1255 Opus
699 1197 726 1240 ab
741 1209 769 1240 eo
780 1199 857 1239 nostra
870 1207 939 1239 eausa

80 1277 194 1322 eonditum
218 1277 315 1321 adorare
339 1277 401 1321 uolo.
434 1276 472 1322 Sol
497 1282 519 1321 et
539 1276 590 1322 luna
614 1282 706 1335 propter
721 1290 763 1321 nos
781 1282 856 1321 creata
872 1280 939 1321 sunt:

59 1383 61 1386 f
80 1357 195 1417 qrrornodo
214 1370 270 1417 ergo
286 1357 401 1402 irniuistros
417 1370 481 1402 ineos
498 1357 605 1403 adorem!
631 1357 749 1412 Quomodo
766 1358 827 1417 ligna
844 1362 867 1401 et
881 1357 940 1415 lapi-

80 1441 121 1484 ‹les
151 1440 291 1498 pronuntiem
314 1438 389 1483 deos?
418 1438 457 1483 Est
486 1441 544 1483 euim
568 1440 647 1497 spiritu
675 1440 751 1484 divina
785 1440 879 1484 inferior
902 1438 940 1483 illc

79 1521 178 1579 spiritus,
195 1521 232 1578 qui
249 1521 365 1564 materiam
382 1519 500 1578 pervadit:
517 1520 553 1578 qui
569 1519 658 1577 qaudam
673 1534 722 1565 oum
738 1520 827 1565 animae
843 1519 940 1565 assium-

79 1600 137 1644 latus
153 1601 197 1655 sit,
222 1612 269 1644 uon
292 1598 374 1643 eodem
400 1612 427 1643 ac
451 1598 565 1657 perlectus
584 1599 640 1644 deus
662 1598 751 1644 honore
772 1601 881 1646 colendus
899 1605 940 1646 est.

80 1680 157 1738 Neque
182 1680 249 1723 etiam
272 1679 337 1723 illum
355 1692 401 1723 nou
428 1678 577 1724 eisarrabilem
595 1680 660 1725 deum
681 1693 808 1726 memorare
825 1681 940 1726 debemus

84 1762 140 1807 Nam
156 1762 193 1820 qui
209 1761 290 1805 nullius
306 1762 340 1805 rei
358 1760 446 1820 indigus
466 1766 517 1816 est,
539 1761 558 1804 is
580 1766 604 1805 ut
622 1761 725 1821 indigere
742 1763 880 1807 existimetur
896 1763 941 1807 mi-

81 1847 141 1888 nime
158 1858 171 1888 a
187 1844 255 1889 nobis
273 1842 457 1887 eorrnnittemlum
473 1847 520 1887 esl“
535 1848 563 1898 ¹).

145 1937 167 1982 S.
185 1936 314 1991 irenaeus,
331 1937 451 1994 episcopus
467 1935 623 1995 Lugdunensis
641 1941 663 1980 el
683 1937 799 1996 Polpcarpi
816 1936 854 1994 qui
870 1936 941 1994 ipsum

84 2032 103 2063 s.
116 2018 222 2062 loannem
248 2017 365 2060 audiverat
389 2016 530 2074 discipulam,
551 2016 627 2060 verbis
646 2015 781 2074 planissimis
802 2015 895 2071 scribit,
912 2013 942 2059 ad

83 2100 149 2143 ‹liuun
175 2112 204 2141 ex
230 2098 346 2142 creatione
366 2097 441 2140 uitandi
468 2095 624 2155 hom-imumque
650 2097 704 2141 nilril
732 2097 874 2153 redundare,
900 2095 942 2139 scd

83 2182 157 2225 omniu
175 2179 288 2223 bominum
309 2191 377 2222 carisa
399 2190 451 2222 csse
467 2177 554 2225 ellectu.

145 2273 228 2332 „lgitur
252 2272 314 2316 initio
332 2284 378 2315 non
402 2271 466 2330 quasi
484 2272 588 2330 indigens
606 2270 661 2316 deus
685 2270 799 2325 hominis,
825 2269 942 2328 plasmavit

89 2355 170 2408 italam,
188 2354 228 2397 scd
245 2359 269 2398 ut
285 2354 379 2397 liaberet
392 2354 417 2397 'in
436 2366 500 2410 (proin
513 2352 634 2397 collocaret
646 2366 685 2397 sua
696 2351 814 2396 beneficia.
833 2375 861 2384 -
872 2378 902 2384 -
912 2379 941 2386 -

86 2434 133 2478 Nee
157 2438 235 2476 nostro
263 2431 385 2474 rninisterio
409 2432 513 2488 indigens
535 2432 600 2475 iussit
617 2437 641 2474 ut
660 2443 710 2473 cirin
727 2443 886 2488 sequeremur,
902 2429 944 2474 sed

86 2519 111 2556 ut
123 2512 188 2556 arabis
203 2511 260 2567 ipsis
285 2508 418 2554 [attribueret
437 2509 538 2551 solident.
572 2508 638 2565 Sequi
654 2509 712 2553 euim
729 2510 871 2566 salvatorem,
886 2523 942 2568 por-

46 2599 48 2605 ’
85 2593 179 2651 ticipare
196 2596 230 2635 cst
246 2588 355 2633 salntem:
379 2591 401 2631 et
423 2588 486 2643 sequi
509 2584 595 2643 lumen,
612 2589 744 2649 participare
762 2596 797 2635 cst
814 2591 895 2635 lumen.
912 2618 942 2626 —

87 2675 124 2719 Sic
142 2678 164 2717 et
181 2672 277 2717 servitus
294 2683 350 2729 erga
368 2668 441 2724 eleum,
459 2667 503 2711 deo
521 2668 608 2726 [paridem
624 2658 678 2715 uilril
694 2677 809 2729 praestat,
826 2685 870 2715 nee
887 2683 943 2729 opus

90 2759 125 2799 cst
157 2754 200 2798 deo
226 2753 322 2796 lrumano
346 2750 471 2808 obsequi03
497 2749 544 2807 ipse
573 2756 644 2796 autem
674 2753 818 2811 sequentibus
847 2756 869 2796 et
892 2764 943 2796 ser-

88 2834 200 2878 vientibus
214 2835 242 2887 ei,
257 2833 325 2877 vitain
342 2837 364 2876 et
380 2829 568 2888 incorruptelam,
594 2838 616 2876 et
637 2832 730 2891 gloriam
747 2837 861 2877 aeternam
878 2836 944 2878 attri-

89 2914 149 2968 buit,
174 2911 306 2956 benelrcium
332 2916 451 2968 praestans
473 2908 620 2954 'sermmutrns
644 2911 687 2955 sibi
712 2912 741 2955 ob
765 2913 787 2956 ul
809 2914 868 2971 quod
893 2927 944 2957 sera

90 2995 164 3048 siunt,
181 2997 203 3035 et
218 2991 361 3049 sequentibus
380 2989 408 3034 ob
425 2990 447 3034 id
466 2988 525 3046 qino
542 2995 677 3047 sequuntur,
694 2992 734 3035 sed
751 3004 796 3035 non
813 2992 946 3037 beneficium
982 3023 983 3027 ,

96 3125 319 3133 -——-———-——.*⁴-

132 3201 150 3251 lp
165 3200 187 3236 lu
202 3199 291 3237 editione
307 3201 427 3238 Graecorum
444 3199 598 3250 tpotogmnnnn
613 3200 690 3237 ularaai
707 3214 725 3251 p,
744 3199 788 3237 247,
