1979 3399
375 105 410 112 -
453 77 504 130 uo
543 104 578 113 -·

46 213 107 260 lrarrd
124 215 190 261 «lutrio
207 216 322 277 intelligit,
338 218 412 263 inultis
429 218 550 264 Catholicis
567 231 618 264 eum
636 215 785 276 displicuisse.
820 213 905 260 Catho-

45 294 139 340 lieorum
157 302 229 343 autem
246 304 268 343 et
284 300 454 344 Protcstantium
472 312 499 343 ca
518 304 552 343 cst
566 301 633 356 ratio,
650 303 674 343 ut
690 297 726 340 his
742 295 810 340 multa
827 294 907 353 displi-

46 381 120 434 ceant,
137 390 195 437 <pirae
211 378 300 436 placent
315 377 371 435 illis,
390 382 412 422 et
428 379 478 421 trice
495 390 569 422 urersa.
601 378 646 422 lam
665 377 684 421 si
698 376 829 421 Hermesius
847 374 906 418 rrrul-

43 458 74 501 tis
91 457 212 503 Catholicis
237 458 369 521 displicuit,
384 457 561 502 Protestantibus
578 457 674 503 tortasse
691 456 780 516 placuit.
813 455 924 501 Verene·

45 537 113 596 igitur
128 538 281 582 Protestantes
304 537 383 582 studiis
401 537 450 581 eius
467 538 608 594 arriserunt,
626 550 711 582 verene
730 542 835 596 tanquam
856 536 906 581 sra-

44 622 101 661 trem
117 617 171 661 laeti
189 630 240 661 eum
258 621 404 675 exceperunt,
421 621 444 661 ut
459 615 603 660 aduersarios
621 617 668 661 eius
685 619 815 663 notissimos
832 631 905 663 euce-

44 696 144 754 perunt?
163 697 187 742 Si
204 697 234 742 ita
252 701 327 753 esset,
344 696 476 755 saepissime
494 699 598 754 {anquam
615 696 761 741 certissimum
781 711 904 756 argumen-

43 782 89 822 tum
105 776 188 822 inimIci
205 776 312 835 prolaturi
330 777 433 835 fuissent,
450 776 591 821 Hermesium
607 776 648 821 sub
666 776 736 836 signis
753 775 849 822 hostium
860 792 903 837 pu-

43 871 128 917 gnasse
150 863 173 902 et
196 857 310 902 ecclesiae
335 856 460 902 catholicae
482 856 553 900 solum
574 856 707 900 subtrahere
724 861 827 900 conatum
844 869 904 902 esse.

43 939 89 984 Sed
106 938 172 997 plane
189 939 326 983 contrarium
341 936 430 982 accidit.
463 936 616 981 Protc'slantes
634 937 694 980 enim
709 935 782 981 studia
793 937 905 983 Hermesii

43 1023 80 1063 aut
96 1018 203 1078 ignorare
227 1017 357 1073 uoluerunt,
381 1021 419 1060 aut
437 1018 509 1074 ipsum
525 1016 630 1076 aggressi
652 1020 710 1061 sunt.
745 1015 799 1069 Ouis
822 1019 902 1082 nescit7

42 1095 255 1155 Hertpstcuborpium
271 1096 441 1141 Boroliucnsem
459 1109 504 1140 uon
517 1096 588 1140 solum
605 1096 627 1139 iu
643 1097 760 1141 seientiam
777 1097 820 1141 seul
836 1099 903 1143 etiam

42 1177 65 1220 iu
83 1190 158 1222 mores
177 1182 200 1221 ot
216 1189 337 1234 personam
355 1177 464 1220 tiermesii
486 1176 577 1220 inimico
595 1176 668 1219 aniano
685 1189 712 1219 ea
727 1176 826 1220 molitum
845 1191 904 1234 esse,

43 1268 100 1313 quae
116 1255 207 1300 homine
227 1255 361 1311 Christiano,
377 1268 434 1314 quae
452 1255 501 1299 viro
517 1254 605 1298 erardito
621 1254 687 1313 plane
699 1254 791 1315 indigna
808 1257 905 1304 videan-

41 1340 76 1380 tur
84 1351 91 1391 3
104 1335 154 1394 {pris
170 1336 252 1392 nescit,
270 1335 488 1393 licugstenbergium
502 1335 569 1378 vitam
580 1334 690 1379 Hermesii
707 1336 826 1393 scripsisse
846 1353 904 1396 eam,

42 1428 85 1473 qua
107 1415 226 1473 imagirrem
254 1427 341 1459 rarorum
368 1413 479 1458 Hermesii
500 1415 572 1472 magis
598 1415 664 1458 etiam
689 1414 805 1461 distortam
831 1418 900 1476 dedit,

42 1509 107 1553 quam
129 1494 183 1539 clare
200 1494 321 1539 Perronius
344 1507 436 1552 operam
461 1493 529 1538 dedit.
568 1493 614 1539 Sed
630 1507 682 1538 num
699 1493 902 1555 Heopsteoborpius

42 1574 99 1630 iste,
122 1573 159 1631 qui
175 1573 209 1617 ira
226 1576 249 1616 et
268 1572 348 1616 studiis
366 1573 462 1631 agitatus
480 1578 515 1616 est
529 1573 671 1630 animumque
687 1574 806 1621 Hermesio
823 1577 901 1623 inimi-

42 1668 92 1699 cum
108 1655 179 1713 gerit,
194 1656 262 1699 ctiam
278 1655 425 1698 intentionem
440 1654 488 1699 eius
506 1667 562 1698 vere
579 1654 714 1699 catholicam
730 1669 816 1715 negare
833 1671 901 1703 ausus

41 1735 92 1780 est?
115 1735 184 1780 lmmo
201 1734 259 1780 haec
275 1736 324 1793 ipsa
340 1736 388 1792 est,
412 1749 478 1793 quam
502 1749 594 1780 oausam
617 1736 655 1780 ille
677 1735 742 1781 alleri
757 1738 854 1782 nominis
875 1744 897 1783 et

43 1815 188 1872 celebritatis,
203 1816 227 1859 in
244 1828 309 1877 quam
326 1815 438 1859 Hermcsii
454 1826 537 1859 nornen
553 1816 648 1860 renent.
818 1875 819 1881 ἵ

103 1895 263 1953 ,Adrrriratio,“
279 1894 488 1953 Hengstcubergius
500 1894 585 1951 scribit,
602 1907 692 1952 „eorum
709 1897 745 1954 qui
758 1910 840 1956 magno
857 1889 901 1943 nuss

42 1988 105 2021 mero
124 1975 264 2020 Hermesimn
288 1974 423 2031 audiebant,
445 1973 510 2018 nullis
528 1974 628 2018 terminis
644 1988 670 2019 se
686 1977 801 2022 continuit.
834 1977 901 2024 Cuius

41 2059 75 2101 rei
92 2069 183 2101 eausam
197 2060 221 2101 ut
239 2054 403 2113 intelligamus,
420 2054 477 2098 ratio
494 2053 635 2111 respicienda
652 2059 694 2110 est,
711 2068 768 2113 quae
786 2057 900 2102 interces-

42 2138 72 2181 sit
84 2136 224 2180 Hermesium
245 2135 303 2177 inter
320 2138 342 2176 et
358 2144 412 2189 eos,
430 2144 505 2176 cerain
524 2133 604 2191 quibus
621 2134 725 2179 docebat.
755 2136 811 2180 Nam
829 2137 899 2183 theo-

41 2216 117 2274 logiae
135 2213 264 2259 Catholicae
280 2211 405 2271 professor,
423 2212 462 2271 qui
476 2211 587 2270 pollicitus
604 2217 639 2257 est
657 2226 709 2258 sese
731 2215 899 2263 demonstratu-

44 2310 93 2341 rum
109 2308 160 2341 esse
178 2293 316 2353 argumentis
333 2305 449 2337 assensum
467 2292 608 2351 cogentibus,
624 2294 696 2338 solam
714 2278 769 2341 suae
786 2299 899 2345 ecclesiae

43 2377 167 2422 doctrinam
184 2388 236 2419 esse
254 2374 336 2418 rationi
353 2377 543 2429 consentaneam,
561 2386 612 2418 esse
628 2374 708 2432 fruerer,
726 2378 753 2422 ad
770 2392 836 2436 qrrem
852 2385 899 2425 tota

42 2472 102 2504 nova
118 2457 259 2517 philosophia
276 2468 411 2514 progressus
428 2456 514 2500 factura
530 2457 655 2514 perueniat,
671 2470 737 2515 quem
752 2460 796 2504 nisi
814 2466 899 2506 temere

43 2542 127 2584 evitare
143 2551 189 2582 nou
209 2539 288 2595 possit,
308 2538 344 2594 qui
361 2535 472 2594 pollicitus
488 2540 529 2591 est,
547 2548 572 2579 se
590 2538 759 2582 commissurum
776 2553 822 2585 uon
839 2555 899 2599 esse,

43 2625 66 2664 ut
80 2632 177 2678 tanquam
193 2617 221 2662 ad
233 2616 298 2661 litlcm
315 2616 456 2675 confugeret,
474 2616 515 2660 seh
528 2621 551 2660 ut
565 2622 644 2661 natura
657 2619 690 2663 rei
703 2621 832 2678 postularet,
850 2635 899 2666 eum

43 2701 179 2747 adversariis
194 2700 247 2744 hilei
263 2700 285 2742 in
303 2698 383 2743 eodem
400 2712 449 2743 cum
470 2699 512 2744 illis
532 2713 610 2758 campo
626 2714 652 2745 se
669 2699 821 2745 dimicaturum
838 2714 898 2758 esse,

44 2781 116 2827 donec
134 2794 174 2827 eos
192 2780 221 2825 ad
237 2778 342 2838 poueucla
358 2792 419 2825 anna
438 2785 546 2838 cogeret,
565 2781 584 2824 is
600 2781 635 2825 vir
650 2781 709 2825 iuter
728 2794 782 2835 eos,
799 2782 835 2837 qm
854 2796 899 2826 un-

44 2862 110 2921 dique
127 2861 268 2921 angebantur
281 2860 423 2904 sermonibus
441 2862 632 2911 asseverantium,
649 2860 750 2917 ipsorum
766 2860 831 2917 fidem
848 2876 899 2906 csse

44 2942 195 3000 capitanatum,
210 2939 276 2984 ooois
293 2943 416 2996 ternporum
436 2941 597 2999 proprcssihus
620 2944 738 2992 seritototu,
760 2953 806 2985 non
829 2943 900 3000 potuit

44 3034 88 3067 nou
110 3035 213 3082 uaopoom
236 3021 377 3066 (alterationem
400 3020 517 3078 coctiora,
540 3021 670 3079 praesertim
692 3033 742 3064 cirin
767 3021 824 3065 haec
842 3021 899 3067 hules

45 3103 102 3158 apaud
118 3106 238 3163 plorosrpre
256 3115 334 3147 ornnes
351 3104 442 3147 norrnisi
458 3103 555 3148 mediata
572 3107 594 3145 et
609 3101 704 3146 lruuraua
715 3106 789 3158 esset,
810 3087 859 3148 cum
878 3105 900 3148 in

44 3180 78 3227 his
94 3186 148 3244 ipsis
165 3186 243 3241 terris,
260 3186 282 3229 in
298 3183 377 3242 quilurs
393 3183 522 3229 Herrnesius
536 3180 638 3237 docebat,
655 3180 731 3227 ririrlo
748 3184 900 3240 incitamento,
