1979 3399
437 86 638 139 u-aoa-

197 214 246 283 nae,
260 221 300 270 >uli-i
316 224 413 271 Sebcms
432 226 452 269 ei
474 225 591 284 obtrectat,
610 227 825 273 Wiudisclmrannas
841 256 870 262 -
887 227 915 271 ad
931 239 956 270 sc

195 307 324 350 voriientem
353 299 376 350 ct.
392 319 469 352 secum
485 306 574 365 publice
596 307 715 352 docentem
740 308 816 365 aegris
840 307 966 353 66611616-

196 385 275 444 spicit,
298 386 413 446 praesidio
427 388 474 432 cius
494 387 595 446 indigeat
611 388 648 447 qui
662 388 730 432 rebus
749 388 815 458 totius
831 388 963 446 provinciae

193 466 316 512 erenanae
335 468 443 526 regendis
459 472 562 527 praeest,
589 470 657 527 atque
678 473 701 513 ut
718 481 768 513 eum
786 468 831 513 hoc
848 466 962 525 pracsidio

196 546 288 605 dignum
311 547 413 592 iudicare
436 549 493 593 velis
519 554 541 593 te
565 549 631 592 enixe
645 561 718 607 rogo.
762 549 803 593 llic
831 553 905 592 autem
929 547 963 591 vir

197 626 311 684 praesidio
324 632 361 672 tao
374 629 454 687 dignus
468 634 510 685 est,
522 643 587 687 quum
599 629 661 686 pacis
678 630 707 672 sit
720 641 798 673 amans
815 634 838 672 et
855 628 914 674 nulla
927 640 966 672 ar-

197 707 301 766 rogantia
318 711 408 766 tumeat,
428 708 549 753 immeritas
567 713 640 753 aulem
651 707 744 753 iniurias
761 708 887 767 aegerrime
905 707 965 751 lerre

199 788 279 836 soleat,

230 868 293 920 Quae
308 867 439 911 llonastcrii
457 867 516 912 lacta
534 873 597 925 sunt,
622 868 644 912 in
664 869 691 912 iis
713 867 767 912 nihil
785 879 899 927 agnosces
922 865 966 909 nisi

201 948 266 1005 signa
284 947 368 992 doloris
387 949 416 992 ob
432 948 574 992 llerrnesiam
591 949 697 992 amissum
715 952 772 992 etc.a

168 1026 232 1070 Licet
247 1027 344 1072 Sena-us
362 1031 384 1070 et
401 1027 614 1072 ll'indisclnnanrms
634 1027 707 1072 adhuc
724 1028 782 1072 inter
796 1040 822 1071 sc
839 1027 967 1071 obtrectas-

107 1109 165 1162 sent,
182 1105 235 1150 licet
246 1106 459 1151 ll'indisclnnarmus
477 1106 593 1153 deSclaeri
604 1107 740 1152 orthodoxia
755 1107 814 1151 made
831 1107 968 1163 opinaretur,

106 1190 181 1230 tamen
195 1199 245 1230 cum
258 1185 295 1230 illo
307 1186 329 1229 in
342 1187 437 1245 gratiam
452 1187 518 1230 rediit
530 1199 624 1245 curiaque
637 1188 660 1231 16
673 1186 804 1230 societatem
820 1184 873 1229 belli
889 1187 967 1228 contra

105 1265 247 1309 Hermesium
263 1266 339 1310 traxit.
373 1264 588 1310 ll'indisclmrannus
605 1279 651 1310 non
667 1266 716 1309 sine
734 1265 891 1324 suggillatione
909 1263 968 1307 alio-

107 1359 157 1389 rum
174 1358 225 1388 cum
236 1344 297 1388 onmi
313 1356 400 1402 genere
411 1345 540 1390 vexationis
553 1344 672 1402 processit,
689 1357 716 1388 ac
726 1349 787 1388 tanta
803 1344 891 1402 peritia,
908 1347 968 1386 tauta

107 1425 232 1483 sagacitate
251 1436 292 1481 per
309 1423 409 1468 occultas
425 1424 473 1468 rias
490 1424 630 1468 llermcsium
654 1423 677 1468 in
693 1424 835 1482 suspiciones
852 1423 966 1468 adducere

107 1511 174 1563 atque
188 1503 364 1549 collabefactare
374 1504 435 1548 nisus
451 1508 493 1560 cst,
508 1509 531 1548 ut
544 1516 610 1548 nemo
628 1503 694 1548 l'acile
709 1503 741 1548 illi
761 1503 784 1548 in
801 1490 850 1547 hac³
860 1508 908 1547 arte
923 1515 964 1560 par

108 1586 180 1643 putari
192 1584 281 1628 debeat.
293 1583 338 1630 Sed
352 1597 401 1628 cum
408 1583 538 1628 Herrncsius
547 1585 628 1643 optima
636 1585 694 1629 lania
702 1584 820 1643 gauderet,
829 1597 867 1629 res
875 1584 969 1643 primum

109 1663 138 1709 ad
147 1669 201 1708 rota
210 1663 406 1708 lllindisclmranni
417 1676 463 1707 non
479 1663 554 1718 cessit,
570 1677 620 1707 nam
634 1663 746 1708 auditoria
763 1664 811 1708 eius
827 1664 905 1720 paucis
916 1669 969 1708 tan-

109 1743 224 1789 tummodo
240 1743 381 1786 auditoribus
399 1742 605 1800 frequentabantur.
642 1742 666 1785 ln
683 1743 733 1800 ipso
751 1741 830 1786 ordine
846 1743 971 1801 theologo-

113 1837 161 1869 rum
178 1823 213 1866 liis
231 1823 300 1867 rebus
317 1824 373 1866 ratio
388 1822 497 1880 quaedam
510 1822 628 1866 admodum
641 1821 738 1867 dolenda
751 1822 840 1878 exstitit,
859 1827 881 1867 et
898 1835 972 1880 ‹pam-

111 1914 177 1961 qnam
194 1904 258 1945 extra
277 1900 364 1946 ordinis
382 1899 488 1945 arabituni
503 1911 573 1959 opera
591 1898 701 1947 Hermesii
724 1903 816 1962 egregie
834 1903 972 1948 aestimaba-

111 1988 146 2028 tur
162 1982 255 2040 eiusque
267 1980 340 2040 gloria
352 1980 497 2044 1616166161,
513 1980 666 2026 cavillationes
677 1982 879 2041 contentionesque
895 1989 968 2028 lamen

111 2065 168 2108 istae
180 2064 202 2108 iu
217 2064 266 2120 ipso
276 2062 310 2107 sui
319 2061 406 2106 ordinis
414 2061 501 2121 gremio
512 2076 620 2106 summum
633 2064 654 2107 ei
669 2064 737 2107 animi
749 2065 867 2108 attulerunt
876 2076 970 2107 moero-

111 2156 167 2189 rem.
183 2141 314 2198 Hernresius
325 2154 392 2199 quum
403 2152 430 2184 66
440 2140 498 2186 ultro
515 2141 561 2199 pali
572 2154 618 2186 666
627 2146 712 2200 posset,
724 2148 790 2202 atque
806 2148 830 2190 ut
845 2145 872 2189 ab
886 2143 969 2188 invidia

113 2235 192 2268 eorum
208 2222 313 2275 abesset,
334 2220 413 2264 Bonna
431 2221 493 2264 abire
509 2220 618 2265 decrevit.
653 2214 727 2274 Quare
751 2237 764 2266 a
780 2237 872 2267 6166666
889 2238 929 2271 suo
947 2238 972 2267 se

113 2302 221 2347 abdicare
240 2300 317 2344 voluit.
350 2299 395 2344 Sed
412 2312 469 2357 quae
487 2300 572 2357 petivit,
592 2314 619 2344 ea
641 2315 653 2345 a
672 2314 757 2357 sumum
777 2304 907 2361 magistratu
925 2317 971 2348 non

114 2380 250 2437 impetrarit.
273 2379 421 2423 Veliementia
438 2379 517 2423 Seberi
533 2370 626 2436 ingenio
643 2380 717 2437 insita,
735 2395 784 2426 cum
801 2383 849 2426 eius
866 2395 903 2427 res
921 2397 973 2427 cre-

115 2474 183 2507 scere
199 2459 285 2504 uollent
310 2485 340 2492 -
360 2462 477 2515 tantopere
496 2458 611 2514 efferbuit,
628 2464 664 2515 ut,
680 2461 699 2503 si
716 2458 815 2505 ferociae
833 2464 881 2508 eius
899 2465 972 2509 ratio-

116 2555 168 2588 nem
179 2540 277 2586 reddere
288 2538 353 2595 velis,
364 2537 429 2582 simul
446 2538 474 2581 ad
492 2538 550 2582 illias
567 2538 715 2585 valetudinem
730 2544 831 2600 corporis
847 2546 975 2602 respicien-

115 2622 167 2668 dum
182 2621 217 2668 sit.
253 2618 320 2665 Anno
340 2618 399 2664 tato
416 2617 539 2663 Loraniunr
556 2623 650 2665 uocatus
674 2619 785 2668 discessit.
828 2623 889 2670 Ordo
907 2625 975 2670 theo-

113 2694 396 2764 logorum'calliolicormn
415 2698 518 2744 celeriter
534 2699 615 2746 llorere
635 2703 715 2761 coepit.
748 2704 856 2750 semestri
873 2704 969 2750 hiberno

116 2780 271 2830 18934811
295 2779 346 2838 tao,
361 2779 465 2827 serirestri
485 2780 570 2826 aestivo
583 2782 634 2839 151,
652 2782 760 2841 1616194,
778 2785 902 2842 1666957,
920 2786 972 2831 dein

116 2860 359 2917 661-666-366,
387 2873 446 2905 anno
468 2859 526 2910 toan
548 2865 570 2906 ct
591 2863 843 2922 661166666611166300
862 2870 884 2910 61
901 2867 975 2925 plures

118 2944 250 3003 theologiae
267 2941 363 2986 studiosi
379 2941 400 2985 ei
418 2939 525 2997 adscripti
543 2947 613 2987 crant.
769 2933 771 2935 ’

178 3026 224 3070 lam
240 3035 299 3067 anno
320 3022 377 3066 teat
396 3027 418 3066 et
435 3018 501 3075 1823,
519 3034 567 3066 cum
584 3022 626 3067 duo
643 3022 755 3068 Hermesii
772 3022 874 3083 discipuli
891 3025 913 3070 in
932 3038 972 3069 or-

118 3106 169 3149 dine
192 3103 376 3163 philosophorum
399 3101 502 3160 privatim
523 3102 620 3148 docendi
642 3103 770 3164 facultatem
793 3106 974 3164 impetraverunt,

119 3185 207 3243 iniquus
218 3181 415 3231 ttandisclnaami
431 3177 600 3226 inHeunesium
618 3172 703 3230 animus
721 3182 749 3229 de
763 3183 850 3244 integro
869 3184 977 3229 excitatus
