1979 3399
411 70 612 120 -cre-

91 223 167 269 quoe
189 206 240 253 sod
268 201 592 263 fideidofinitt'oncm
620 201 728 249 eodone
755 204 839 250 tractio
865 206 947 252 modo

88 294 215 350 potest«
582 350 584 352 q
888 297 890 299 ·

152 369 197 412 iarn
219 365 381 424 aquibusnam
404 369 427 410 tu
447 369 511 423 putas
534 363 593 408 hunc
615 362 713 409 libellum
737 376 823 410 summo
849 366 949 424 pontiiici

90 450 160 493 soissc
183 446 324 492 eniiibitum?
355 446 451 490 Putasne
467 460 480 491 a
495 445 643 490 Ianscnistis‘?
675 446 741 490 Certe
760 444 849 503 quidem
868 444 949 491 lanse-

92 531 167 574 nisiae
191 527 250 572 hanc
275 525 441 571 distinctionem
456 517 591 571 'accuratius
615 525 728 584 explicare
749 538 796 571 non
817 527 949 587 potuissent,

90 614 189 654 attamen
201 620 248 652 non
263 607 291 651 ab
306 607 334 652 iis
352 607 463 652 exhibitus
478 612 526 664 est,
541 605 583 651 sed
599 605 626 651 ab
644 618 722 651 eorum
737 607 854 652 acerrimis
866 606 950 652 adver-

91 690 197 746 sariis‚a
219 687 335 733 societatis
352 687 404 733 lesu
415 688 551 747 theologis,
574 698 587 731 a
606 685 700 746 cciiegis
717 687 819 732 Perronii
838 686 951 747 „theologi

92 767 208 824 nomam«,
225 766 263 825 qui
272 767 433 812 Hermesianos
448 771 538 825 propter
553 766 612 810 hanc
622 765 789 811 distinctionem
806 756 860 813 diris
877 770 952 813 omni-

92 849 134 893 bus
150 859 236 892 rovere
254 850 354 891 conatur.

157 927 194 978 En>
214 925 294 985 quihus
316 925 419 970 omnihus
440 925 535 971 efficitur
550 924 608 969 lianc
625 923 791 969 distinctionem
808 924 897 982 optimis
912 939 952 970 ra-

94 1008 193 1053 tionibus
217 1006 275 1063 niti,
297 1017 371 1064 neque
395 1016 423 1048 eo
446 1004 564 1062 reprobari
588 1008 625 1048 aut
649 1004 673 1048 in
695 1005 846 1070 suspicionem
871 1004 953 1051 adduci

96 1100 173 1146 posse,
192 1085 252 1145 quod
268 1085 407 1130 lansenistac
424 1096 541 1142 perperam
558 1096 585 1128 ea
607 1082 643 1129 nsi
658 1089 715 1128 sunt.
746 1085 770 1130 Si
784 1097 813 1128 ex
830 1085 901 1129 abusu
916 1090 954 1129 aut

96 1168 186 1212 bouitas
202 1171 241 1210 aut
256 1166 355 1224 pravitas
372 1164 405 1209 rei
415 1163 529 1210 cuiusdam
544 1163 688 1222 penderetur,
706 1165 781 1209 cornia
796 1177 850 1209 mox
863 1166 954 1210 misceri

98 1245 242 1291 manifestum
263 1249 310 1299 est,
329 1257 382 1288 ‚curn
402 1244 468 1288 etiam
484 1243 558 1288 lumen
577 1247 600 1287 ct
616 1244 676 1302 ignis
692 1243 771 1289 abusui
787 1244 886 1289 obnoxia
903 1258 954 1290 esse

95 1325 189 1387 possint.
232 1324 334 1368 Marcion
357 1327 379 1372 et
400 1322 462 1368 inniti
483 1322 521 1368 alii
541 1322 640 1380 pessime
662 1323 716 1380 ipsis
744 1323 868 1382 evangeliis
891 1324 954 1368 abusi

95 1409 158 1454 sunt:
172 1403 229 1448 rosit
246 1402 329 1447 arrosit
348 1402 445 1459 perrosit
459 1401 560 1446 Marcion
577 1413 657 1446 sacrae
673 1403 797 1460 scripturae
814 1403 890 1460 locos
902 1417 953 1448 nom

96 1485 164 1543 igitur
188 1494 231 1527 nos
258 1486 351 1540 propter
377 1481 499 1525 Marcionis
523 1480 632 1524 insaniam
655 1481 774 1540 evangelia
800 1482 954 1528 reiiciamus?

97 1562 208 1609 Ostendat
224 1562 344 1607 Perronius
361 1560 380 1606 si
395 1564 483 1619 potcst‚
504 1559 585 1604 iniuria
601 1559 761 1606 Hermesianos
782 1574 908 1621 provocare
926 1563 955 1607 ad

97 1642 264 1688 distinctionem
277 1641 331 1686 iuris
347 1645 370 1685 et
386 1640 447 1696 facti,
461 1639 502 1684 sed
518 1640 589 1698 ipsam
607 1640 774 1686 distinctionem
790 1643 894 1699 reficere,
910 1643 955 1687 troc

98 1728 134 1767 est
150 1727 220 1767 totum
236 1721 352 1780 negotium
371 1712 577 1776 corrumpereaut,
593 1720 780 1777 quemadmodum
796 1722 819 1765 in
834 1722 954 1780 proverbio

99 1806 142 1859 cst,
158 1800 267 1845 infantem
285 1812 334 1843 cum
349 1798 430 1844 bainco
444 1798 588 1856 profundere.

108 1907 109 1910 =
161 1878 288 1925 Redeamus
305 1891 334 1922 eu
345 1877 389 1922 hoc
406 1879 516 1922 sermonis
533 1877 665 1924 deversorio
683 1879 712 1924 ad
728 1892 755 1926 ea
772 1880 957 1940 quaePerronius

100 1960 186 2005 [dixisse
204 1970 230 2003 sc
247 1958 327 2002 renuit.
359 1956 462 2003 Nondum
481 1956 539 2001 enim
556 1958 611 2002 satis
627 1963 668 2015 est,
685 1959 785 2005 nondum
800 1960 859 2006 elohi
874 1961 955 2005 Perro-

99 2039 160 2083 nium
177 2038 280 2095 patiano,
299 2036 340 2081 sed
357 2037 439 2082 diutins
459 2037 517 2095 apud
534 2037 578 2082 troc
594 2036 642 2082 cius
660 2038 742 2084 dictum
757 2052 877 2085 moramur.
902 2041 956 2085 Nam

99 2120 119 2163 si
137 2131 218 2162 revera
236 2116 299 2173 dixit,
317 2117 377 2175 quod
395 2117 479 2162 dixisse
498 2117 552 2174 ruit,
568 2117 635 2161 etiarn
652 2117 718 2163 aliam
734 2120 763 2164 oi}
779 2132 869 2165 causam
880 2120 956 2165 dicero

100 2209 147 2242 non
168 2196 257 2251 delinit,
282 2195 410 2239 obedientia
427 2208 482 2254 erga
500 2207 608 2239 summum
625 2197 752 2254 pontificem
768 2199 889 2256 prohibere
906 2212 956 2244 eum

101 2276 184 2321 debuit.
216 2275 271 2321 Nam
292 2275 436 2319 Innocentius
457 2275 497 2319 ΧΗ
512 2288 570 2332 papa
588 2274 680 2321 decreto
698 2277 735 2322 dic
751 2278 766 2323 6
784 2279 880 2325 Ianuarii
897 2279 956 2324 1694

100 2355 184 2398 emisso
201 2353 242 2397 snb
258 2359 381 2410 prmccepto
399 2353 537 2399 obedientiae
553 2356 630 2413 vetuit,
648 2369 689 2414 „ne
705 2358 754 2415 qiris
770 2358 895 2404 lanscnista
914 2372 955 2417 ap-

101 2432 229 2491 pellaretur,
245 2432 323 2474 nisisi
341 2432 389 2488 quis
400 2433 533 2477 lansenismi
550 2435 666 2479 convictus
682 2439 719 2480 aut
734 2448 748 2480 a
764 2438 902 2496 magistratu,
919 2439 955 2483 cui

101 2511 124 2563 id
142 2513 288 2569 competeret,
304 2509 429 2554 lansenista
448 2510 574 2554 declaratus
590 2516 671 2557 esset.“

164 2590 223 2650 „Sed
231 2590 384 2635 lansenismus
395 2588 464 2633 hodic
480 2583 565 2634 crimen
577 2596 611 2636 est
626 2605 704 2638 eornm
721 2596 757 2653 qui
773 2595 854 2640 nullum
872 2598 955 2642 crimen

101 2673 284 2726 cornmiseiurtt‚“
307 2669 442 2714 universitas
463 2669 610 2716 Lovaniensis
637 2685 657 2718 a.
678 2673 737 2719 1690
761 2676 789 2720 ad
803 2688 882 2734 papam
899 2676 955 2721 Ale-

100 2752 210 2798 xandrum
227 2749 275 2794 Viti
292 2750 388 2807 scripsit.
678 2743 680 2745 ’
776 2792 779 2796 s

162 2832 219 2875 Dnm
236 2829 381 2887 proiessores
398 2829 422 2872 in
440 2827 515 2883 fossa⁷
534 2842 598 2886 quam
616 2836 705 2877 veteres
724 2832 825 2892 theologi
842 2834 953 2878 ecclesiae

101 2909 226 2956 catholicae
245 2910 355 2954 interius
372 2914 394 2954 et
408 2908 495 2966 factam
510 2915 607 2966 apertam
623 2911 769 2969 reliquerunt,
787 2917 846 2956 tutos
861 2924 886 2957 sc
903 2924 955 2957 esse

100 2990 201 3046 credunt,
217 2988 269 3033 dum
286 2990 382 3048 sagittae
399 2986 561 3032 heterodoniae
583 3003 624 3035 eos
646 3004 691 3035 non
716 2995 835 3050 tangentes
851 2997 955 3050 praetcr-

101 3069 192 3122 roiant,
209 3067 328 3111 Petronius
347 3068 412 3111 novis
427 3063 543 3109 'cuniculis
563 3067 696 3126 omitumqne
717 3070 812 3116 dirersis
832 3073 954 3131 perniciem

101 3147 134 3191 eis
151 3152 275 3204 praeparat.
308 3147 352 3192 Res
370 3152 404 3191 est
420 3147 442 3191 in
460 3143 519 3188 facto
536 3134 621 3205 posita,
641 3148 773 3195 detestanda
798 3157 820 3196 et
834 3152 954 3203 horribilis,
