1979 3399
437 76 599 125 ...fi-.-

87 223 179 269 ruodunr
196 237 243 268 nox
259 221 304 278 diei
321 217 506 279 pulobrttrniincur
524 213 630 270 (iactarat,
649 213 836 272 quernadntodnur
853 211 947 259 rucinia-

89 282 132 349 oiis
149 304 251 348 veritatis
277 288 351 360 fulgor
367 296 439 355 inagis
460 295 576 354 magisque
598 299 708 354 augetur,
725 294 759 338 sic
776 295 896 340 Perronius
913 292 949 338 rei

89 385 172 430 invitus
185 386 275 428 ‘irrvarc
297 381 416 426 veritatenr
439 383 460 422 et
481 378 510 422 ad
527 376 686 422 virniieandunr
703 375 813 420 honorent
832 378 896 431 eius,
914 373 950 418 cni

91 468 140 525 ipse
157 465 278 520 maledixit,
297 474 362 520 opcrn
377 473 441 506 suain
455 458 560 504 conferre
577 458 675 506 debebit,
772 450 774 452 ’

91 702 157 762 Quid
187 704 258 764 sequi
281 701 368 749 debent
393 704 434 765 qut
454 704 527 748 ottone
550 699 658 747 alicuius
682 702 778 746 narrut.
805 724 836 732 -
860 695 950 743 Perre-

153 786 209 830 utus
234 783 280 830 boc
301 786 405 844 ignorat.
437 808 466 816 —
488 781 557 830 idern
579 780 680 829 siaruiot
702 772 823 826 sibt'essc
838 791 948 837 cotaper-

154 870 196 923 to,
217 878 279 927 quoe
300 878 347 911 nou
366 868 429 911 sunt.
454 891 483 897 —
506 862 558 910 Sue
582 865 663 923 ipatus·
679 860 803 907 eonrmodo
819 858 962 932 prouidere:

156 947 244 991 nescit.

155 1101 198 1156 Qui
214 1100 281 1147 vitant
296 1101 389 1146 alieuius
403 1112 497 1146 narrare
509 1099 646 1160 aggreditur,
664 1097 786 1144 ostendere
797 1097 873 1155 debet,
893 1108 951 1155 qno-

94 1182 162 1228 rnodo
179 1185 249 1228 virtus
264 1183 368 1227 habitans
386 1184 409 1227 in
424 1182 532 1241 singulari
544 1180 740 1240 quodarnbonrine
751 1184 855 1238 tuncprarn
865 1178 951 1237 prinoi-

94 1264 154 1321 piunr
162 1276 265 1319 innuens,
274 1263 363 1308 ratione
371 1275 446 1307 reruni
458 1266 600 1307 externarum
609 1254 684 1306 habita
694 1265 715 1305 et
726 1262 825 1319 acceptis
836 1260 889 1304 hine
899 1258 952 1303 indo

92 1330 193 1399 stinndis,
213 1356 264 1387 sese
277 1344 414 1398 exseruerit,
426 1342 539 1400 quornodo
554 1342 613 1399 iilud,
628 1343 688 1402 quod
697 1342 758 1387 ilooti
771 1346 793 1386 et
801 1341 893 1386 tenuari
905 1352 949 1397 po-

93 1428 147 1480 test,
166 1427 251 1468 certain
274 1420 368 1466 forinarn
386 1424 513 1502 acceperit,
530 1423 644 1481 quornodo
661 1422 746 1482 ingenii
763 1422 875 1478 uniruique
890 1421 951 1463 vires

93 1503 148 1563 ipsIs
163 1504 230 1547 etiarn
248 1502 383 1558 actionibus,
401 1502 495 1560 studiis,
513 1503 619 1562 operibus
636 1516 688 1548 sese
704 1502 863 1562 praestiterint.
896 1501 952 1545 Pro-

20 1645 22 1648 ·
93 1588 172 1642 pterea
187 1595 243 1641 opus
262 1587 304 1639 est,
319 1586 343 1627 ut
358 1583 427 1628 ritarn
438 1584 561 1641 scripturus
578 1587 630 1627 ante
643 1586 717 1628 omnia
728 1582 863 1637 sciscitetur,
881 1594 954 1640 quan-

95 1668 141 1708 tunr
155 1664 263 1708 rnonrenti
280 1664 304 1707 in
320 1676 400 1708 rernnr
419 1668 562 1708 externarurn
579 1663 710 1708 conditione
727 1663 793 1708 iuorit
810 1662 838 1707 ad
856 1666 952 1706 nieritcrn

96 1757 217 1802 rnoresque
234 1745 286 1790 eius
302 1744 473 1802 informandos,
491 1747 553 1790 errius
571 1746 616 1790 vita
630 1744 750 1791 scribenda
767 1748 816 1800 est3
833 1749 953 1803 propterea

99 1824 227 1869 continuam
249 1829 338 1882 oportet
361 1826 482 1884 temporis,
505 1827 606 1884 patriae,
630 1825 706 1884 populi
731 1825 842 1870 rationein
866 1823 951 1868 baberi.

97 1906 157 1951 Fieri
167 1910 213 1950 non
224 1909 307 1965 potest,
322 1910 346 1950 ut
355 1904 386 1961 id,
397 1905 456 1963 quod
467 1907 579 1963 propriuur
590 1906 710 1965 singularis
728 1906 843 1952 eulusdarn
854 1906 952 1950 borninis

99 1990 149 2042 est,
165 1986 207 2030 rite
224 1991 376 2044 cognoscatur
392 1989 457 2043 atque
475 1987 616 2042 aestimetur,
632 1987 676 2031 nisi
695 1987 723 2031 ad
742 1989 808 2033 totius
825 1986 900 2046 popuii
917 1988 954 2030 vi-

99 2071 150 2122 tani,
168 2066 196 2110 ad
214 2066 280 2110 totius
297 2068 385 2124 aetatis,
403 2066 516 2125 ingeniurn
532 2068 656 2125 respic-ias,
671 2068 720 2113 ficri
737 2070 828 2113 ornnino
845 2081 891 2113 non
902 2054 953 2126 'po-

98 2150 155 2203 test,
177 2150 201 2190 ut
219 2146 334 2205 singulare
350 2146 403 2204 quid
419 2147 473 2191 satis
491 2149 648 2207 perspiciatur,
665 2149 710 2193 nisi
725 2149 817 2208 generis
836 2151 884 2195 sive
900 2150 953 2194 uni-

99 2227 160 2270 versi
181 2226 255 2270 lurnen
278 2226 379 2272 accedat⁴
413 2227 475 2273 Inest
496 2230 519 2273 in
538 2229 629 2293 hornine
647 2243 661 2274 a
678 2234 758 2275 natura
775 2229 891 2285 stirnulns,
910 2240 953 2287 quo

100 2299 196 2362 agitatur
213 2310 237 2349 ut
252 2306 311 2350 seire
329 2308 402 2366 cupiat
418 2321 465 2352 non
485 2310 553 2353 inodo
570 2308 624 2365 quid
639 2311 674 2365 sit,
691 2309 732 2353 sed
749 2311 815 2354 etiarn
830 2320 874 2367 quo
889 2309 954 2353 niodo

99 2384 182 2429 tanturn
199 2386 233 2428 sit.
265 2383 341 2443 itaque
358 2389 426 2432 vitani
442 2388 564 2446 scripturus
581 2393 605 2432 ut
621 2388 741 2448 intelligat,
758 2401 804 2446 quo
822 2389 886 2434 ruodo
904 2390 954 2433 sin-

98 2463 183 2523 gularis
198 2464 287 2522 quidam
302 2464 368 2512 horno
386 2468 459 2513 faetus
476 2468 504 2512 sit
520 2470 547 2525 is,
564 2468 633 2526 quatis
650 2474 691 2529 est7
708 2468 737 2512 ad
751 2470 849 2515 rnaiores
865 2465 915 2514 'eius
932 2475 955 2514 et

98 2544 220 2603 magistros
235 2544 369 2604 regreditur,
385 2553 409 2592 ut
427 2550 473 2592 turn
489 2547 584 2607 physici,
602 2547 625 2593 id
642 2553 675 2593 est
687 2550 792 2607 corporei
808 2554 878 2594 status
897 2561 955 2593 con-

98 2625 204 2681 ditiones,
220 2630 266 2669 turn
284 2627 364 2671 urentis
381 2628 480 2673 culturae
496 2630 558 2674 initia
573 2630 717 2689 rationesque
736 2630 789 2673 inde
805 2633 899 2687 repetat.

158 2706 222 2750 Haeo
239 2705 315 2750 oninia
331 2706 449 2753 Perronius
472 2723 501 2754 ne
525 2710 636 2769 suspicari
652 2710 741 2768 quidern
758 2709 861 2767 videtur,
878 2714 900 2753 et
917 2710 955 2754 iix

98 2799 194 2846 unquarn
218 2787 277 2831 inter
294 2784 396 2831 bornines
414 2788 501 2846 extitit,
521 2791 558 2848 qui
574 2790 642 2834 vitain
664 2793 794 2833 narraturus
817 2792 862 2832 tarn
877 2800 954 2846 partun

98 2872 187 2924 paratus
207 2867 235 2911 ad
259 2865 375 2925 negotium
399 2878 462 2911 suunt
480 2870 616 2926 accesserit,
639 2881 704 2927 quani
720 2869 846 2913 Perronius.
875 2868 955 2927 Vitarn,

99 2958 183 3004 rnoreS,
199 2948 333 3005 doctrinata,
349 2948 421 3006 ipsarn
440 2948 505 2993 etiarn
522 2950 619 3009 linguarn
630 2950 791 2994 Gennanoruur
807 2948 874 3007 plane
886 2948 955 3006 igno-

98 3029 133 3070 rat
138 3039 145 3080 3
162 3025 228 3069 irnrno
244 3033 288 3074 tarn
304 3030 405 3074 incertus
418 3014 440 3071 et
451 3041 521 3086 uagus
537 3035 605 3087 errat,
622 3035 645 3075 ut
661 3043 690 3074 ne
707 3034 789 3073 terram
808 3028 897 3087 quiden]
913 3040 955 3072 co-

99 3103 185 3164 gnitarn
201 3104 295 3164 babeat,
313 3110 335 3153 in
358 3123 402 3169 qua
420 3108 549 3154 Iternresius
564 3112 586 3155 in
602 3111 675 3156 luceru
692 3109 765 3154 editus
780 3108 826 3152 est!
850 3107 880 3152 At
897 3121 955 3166 quo-

97 3181 175 3237 rnodo,
191 3183 222 3229 ita
237 3197 344 3242 quaerore
356 3187 478 3235 nonrndios
490 3187 565 3244 audio,
581 3189 710 3237 Perroniurn
726 3202 764 3237 res
783 3201 795 3233 a
811 3202 836 3235 se
852 3189 956 3234 corruere
