1979 3399
368 93 569 144 »ms-

41 231 151 289 mesium,
174 232 331 291 neminemque
344 245 402 278 esse
417 233 440 278 in
457 232 560 278 omnihus
577 231 663 280 ordinis
681 231 812 278 lesuitarum
829 244 899 278 accu-

42 314 163 372 satoribus,
180 315 218 373 qui
235 318 267 359 tot
282 314 409 374 mendacia,
426 320 458 361 tot
474 329 486 360 a
501 322 558 360 vero
569 315 664 374 detorta,
681 319 714 361 tot
730 315 900 361 criririnationcs

43 397 153 443 adversus
170 408 211 441 eos
228 396 391 454 excogitaverit
407 396 598 455 disperseritque,
625 411 690 456 quam
706 409 763 443 unus
780 397 901 441 Perronius

43 477 152 523 adversus
169 475 309 520 Hermesium
327 476 531 535 Hermesianosque
547 477 607 522 lecit.
644 477 792 530 Nihilominus
810 478 901 524 lesuitis

42 558 108 604 licuit,
123 570 149 601 ca
166 556 239 615 loqui,
266 569 324 615 quae
341 555 409 600 modo
426 555 544 610 attulinms.
578 558 623 604 Sed
641 557 693 616 quid
711 557 800 603 tandem
818 557 900 603 dicium

43 638 147 683 homines
165 642 249 694 essent,
266 638 285 682 si
304 636 445 681 llcrmesiani
461 635 541 680 iisdem
558 637 633 681 verbis
649 639 783 683 uterentur?
819 640 847 683 Et
863 645 901 684 ta-

43 732 95 765 men
110 719 133 763 hi
150 718 217 764 multo
234 718 313 763 iustius
331 717 354 762 id
370 717 456 763 lacere
477 721 572 775 possent
595 729 660 775 quam
683 718 780 764 lesuitae
801 733 899 779 unquam

43 803 171 860 potuenmt.
896 849 898 860 ζ

107 878 153 927 Sed
169 878 281 937 quonmdo
299 879 348 923 eius
365 878 434 936 ipsius
451 878 511 937 quod
529 878 639 925 affirmant
660 879 744 924 veritas
767 892 792 923 se
815 880 902 925 trahet?

44 960 100 1004 Num
118 958 258 1003 ilermesiani
274 970 356 1017 reapse
370 964 508 1016 causantur,
530 959 603 1003 Breve
621 955 747 1019 evulgatum
762 973 808 1005 non
830 961 902 1006 esse?

45 1034 154 1098 Eqrridem
172 1040 248 1083 omnia
272 1051 329 1097 quam
348 1037 489 1082 Hermesiani
508 1038 628 1083 moliantur
648 1040 738 1098 cognita
759 1052 805 1083 non
821 1039 903 1096 habeo,

45 1121 87 1165 sed
104 1120 127 1165 id
143 1121 204 1176 scio,
217 1132 310 1178 operam
327 1119 376 1164 illos
395 1119 486 1163 omnino
503 1118 631 1176 perdituros
648 1132 714 1176 csse,
742 1120 762 1165 si
778 1118 822 1163 hoc
840 1120 905 1164 lace-

46 1206 104 1246 rent.
137 1199 195 1253 Quid
217 1201 276 1244 enim
300 1200 409 1258 consequi
432 1203 523 1258 potest,
546 1190 566 1243 si
584 1198 655 1244 civilis
678 1203 778 1258 potestas
794 1199 904 1260 placetum

46 1294 151 1339 suumre
169 1292 229 1337 vera
240 1279 374 1324 concedet?
406 1278 460 1323 Tum
479 1279 591 1337 episcopis
614 1279 665 1337 lege
681 1278 755 1322 licebit
771 1280 843 1325 Breve
860 1296 904 1340 pu-

47 1347 106 1405 blice
125 1360 226 1417 exsequi,
244 1359 285 1404 sed
302 1358 363 1403 nihil.
374 1358 480 1418 amplius3
496 1372 548 1403 nam
565 1360 689 1403 etiamtum
702 1359 794 1404 videant
803 1363 904 1421 episcopi

47 1441 102 1500 qnid
125 1440 266 1496 faciendum,
289 1439 393 1495 videant,
419 1452 448 1483 ne
472 1439 569 1483 ecclesia
590 1444 612 1483 et
633 1452 688 1484 sarra
710 1439 812 1485 doctrma
834 1442 905 1487 detri-

48 1527 145 1566 mentum
163 1522 257 1578 capiant,
274 1520 347 1564 selant
356 1525 438 1576 autem,
455 1532 480 1563 se
498 1520 529 1564 ita
544 1533 592 1563 rem
609 1533 672 1564 snam
685 1533 755 1578 agere
772 1520 864 1578 dehere,
882 1526 906 1566 ut

49 1614 126 1646 coram
152 1601 195 1645 deo
218 1605 241 1644 et
270 1599 409 1645 conscientia
433 1612 474 1643 sua
499 1599 556 1644 tueri
581 1612 631 1643 eam
654 1601 748 1657 possint.
791 1600 826 1645 Ac
850 1614 905 1646 sane

50 1688 95 1726 tum
112 1680 287 1740 exspectandum
305 1685 383 1737 esset,
407 1691 454 1723 non
471 1678 551 1723 defore
567 1679 702 1737 episcopos,
727 1681 907 1740 quiexemplum

51 1764 152 1822 episcopi
169 1760 296 1820 Polpcrotts
312 1760 419 1819 Ephesii,
443 1773 461 1805 s.
480 1759 590 1818 Cypriani
611 1764 633 1804 et
655 1764 688 1804 tot
704 1760 799 1804 aliorum
816 1761 908 1807 Africae

50 1846 227 1902 episcoporum⁷
252 1846 274 1886 et
297 1847 375 1887 nostra
397 1843 505 1888 memoria
531 1841 655 1899 exemplum
677 1841 784 1899 principis
809 1842 909 1901 episcopi

51 1924 236 1979 Eichstadicnsis,
253 1936 303 1967 curn
320 1921 437 1968 Stattlerus
455 1915 599 1966 damnaretur
611 1926 640 1977 ¹),
657 1922 762 1965 imitaturi
778 1922 836 1966 sinti
863 1923 909 1969 Sed

52 2007 71 2051 si
88 2006 207 2064 episcopus
222 2004 295 2049 Breve
304 1983 449 2061 exsequitur,
466 2003 519 2046 nilril
539 2001 591 2047 inde
610 2002 769 2060 consequitur,
788 2003 830 2047 nisi
848 2003 909 2061 quod

51 2082 94 2131 iam
111 2087 262 2144 exposuimus.
296 2085 342 2129 lam
359 2097 415 2129 vero
432 2084 573 2128 Hermesiani
591 2087 643 2126 ante
661 2081 839 2137 declaraverunt,
856 2096 909 2127 sese

52 2167 127 2210 omniu
146 2166 307 2208 observaturos
331 2175 382 2207 esse
409 2175 466 2219 quae
488 2161 560 2204 Breve
585 2162 729 2218 praescripsit
746 2162 908 2220 promissisque

52 2245 158 2304 religiose
175 2247 297 2300 sancteque
315 2244 439 2286 steterunt:
455 2240 530 2297 itaque
549 2239 697 2298 promulgatio
714 2239 809 2297 Brevis,
835 2255 908 2300 qnan-

51 2328 97 2367 tum
116 2322 144 2366 nd
161 2323 232 2379 ipsum
249 2319 351 2364 effectum
369 2320 453 2374 attinet,
470 2317 550 2361 nullius
563 2316 628 2375 plane
645 2320 751 2363 momenti
763 2326 804 2364 est.
824 2322 910 2373 Quom-

53 2403 132 2448 obr‘em
140 2403 159 2446 si
167 2400 309 2446 llemresiani
320 2400 344 2444 id
356 2395 509 2454 causarentur,
524 2398 596 2443 Breve
606 2398 770 2457 promulgatum
786 2414 831 2445 non
849 2415 909 2460 esse,

53 2482 84 2527 illi
100 2482 161 2526 lraud
179 2481 245 2526 dubie
263 2480 434 2535 committerent,
459 2479 520 2537 quod
536 2478 581 2522 line
595 2481 713 2537 proposito
731 2484 831 2537 careret,
848 2484 909 2527 etin

54 2561 97 2606 lrac
117 2567 180 2606 certe
196 2574 221 2604 re
237 2560 378 2604 Hermesiani
399 2572 450 2603 esse
467 2558 603 2603 desinerent
635 2559 700 2604 Ratio
718 2561 782 2623 enim·
794 2562 909 2619 praescri-

54 2642 93 2699 bit,
110 2648 134 2687 ut
148 2655 177 2685 ne
193 2641 216 2684 id
232 2640 360 2694 faciamus,
383 2640 419 2683 cui
440 2640 578 2696 propositum
601 2638 656 2682 nihil
678 2645 719 2684 est.
761 2640 811 2699 lloc
833 2654 908 2686 rernm

55 2727 113 2768 statu
131 2721 218 2767 civilem
234 2719 383 2764 Borussorum
404 2722 537 2775 potestatem
561 2718 580 2762 si
600 2717 615 2761 ii
637 2718 771 2763 clamatores
793 2725 815 2764 et
831 2721 908 2779 specie

54 2801 158 2856 modesti,
174 2814 199 2844 re
210 2813 265 2843 vera
276 2803 407 2852 novatores,
424 2787 600 2856 cogerevelint,
613 2801 639 2840 ut¹
650 2798 760 2854 placetum
777 2811 841 2843 suum
856 2798 909 2844 lrnic

54 2865 121 2925 Brevi
137 2880 255 2938 concedat,
272 2879 288 2923 ii
304 2878 326 2922 id
337 2882 406 2937 agant
421 2891 518 2924 necesse
530 2884 570 2936 est,
586 2882 609 2922 ut
626 2890 702 2921 ansam
713 2878 809 2922 traheam
826 2878 908 2923 civita-

55 2994 270 3004 w

95 3065 114 3115 1)
129 3065 187 3102 Conf.
202 3055 301 3113 Principia
320 3062 368 3098 iuris
388 3063 480 3099 canonici
500 3062 597 3112 scriptae
612 3060 798 3109 Droste-Hi'rlsholi,
819 3069 867 3101 tom.
880 3065 906 3102 ΙΙ,

130 3135 145 3186 §.
162 3134 205 3172 teo.
219 3140 266 3171 nota
277 3130 319 3169 veo,
334 3133 557 3181 praeterenDanmctio
571 3129 638 3180 operis
652 3131 793 3180 Stattlerr'oni,
809 3135 840 3172 cui
856 3136 907 3172 titu-

61 3188 63 3190 .
128 3208 159 3242 lus
174 3205 326 3244 Demonszrarto
342 3203 453 3242 carnotina.
470 3204 569 3252 anernne
585 3190 642 3237 1837ss

725 3280 756 3328 ts
