1979 3399
359 93 393 104 -
436 70 485 133 ror
528 93 563 101 -

92 208 168 262 ttluior
185 209 318 269 explicando
333 209 398 255 tacite
409 211 535 256 >manifesta
552 211 597 256 siet.

94 289 170 335 ttiioor
193 290 313 347 ostendet,
337 304 349 335 a
368 290 499 350 disciplina,
527 306 584 350 turrae
607 290 668 350 quod
691 290 789 336 diximus
811 289 895 335 homini

30 375 147 429 praestare
163 372 222 429 uelit,
238 372 282 416 nisi
290 383 334 415 una
346 371 374 415 sit
385 376 407 415 et
423 372 519 429 integra,
536 373 584 416 veri
602 385 694 417 sensum
711 372 748 416 cni
765 370 894 416 adiuvando

33 447 56 496 ct
73 451 178 512 augendo
195 451 306 497 destinata
325 455 360 495 est
375 463 422 494 non
438 450 506 495 niodo
524 464 569 495 non
594 452 681 511 iuuari,
703 453 745 498 sed
764 451 853 498 ⁴turhari
869 465 897 496 ac

32 532 93 589 totti3
113 532 173 576 unde
190 535 341 588 consequetur
358 531 465 575 moralem
482 531 622 591 tihertatem,
641 548 706 593 titiam
723 534 809 580 homini
826 533 896 579 resti-

32 618 95 658 tuere
113 622 211 657 summus
227 613 270 670 ipsi
286 613 415 670 propositus
433 618 467 656 est
483 613 548 669 suris,
571 616 643 673 magis
659 616 726 659 etiam
743 614 850 658 insinuari
867 627 894 658 ac

32 691 121 737 tandem
141 704 234 750 prorsus
251 691 332 751 frangi.
364 692 419 737 Nam
441 691 490 737 hori
510 693 602 752 nequit,
626 693 658 738 id.
671 693 732 752 quod
752 707 794 738 usu
814 693 893 738 uenire

32 772 132 832 quotidie
148 772 205 830 proh
221 771 298 817 dotort
315 772 425 830 videmus,
443 774 561 831 quominus
579 773 682 818 homines
698 773 772 817 nruhis
784 773 895 832 dogmatis

31 854 103 913 iisque
119 867 166 899 non
182 865 234 898 raro
253 851 281 897 ad
303 853 402 911 speeiem
418 854 476 898 inter
492 867 545 899 sese
564 854 699 912 contrariis,
721 855 764 899 nisi
780 859 896 899 ostensum

33 935 73 991 sit,
97 934 211 993 ‹irremodo
230 934 357 977 consistant
373 938 395 978 ot
414 934 518 979 inunum
535 935 666 994 generalius
683 937 759 980 omnia
776 939 896 980 reuertun-

32 1022 68 1061 tur
83 1017 106 1059 in
122 1014 189 1073 idque
207 1014 316 1070 redeant,
341 1027 390 1059 cum
412 1014 434 1058 in
456 1015 575 1060 sentiendo
594 1020 639 1061 tum
663 1017 686 1060 in
705 1015 830 1075 appetendo
852 1014 896 1058 huc

33 1097 85 1142 ittuc
104 1095 261 1149 distrahantur,
279 1096 354 1156 itaque
372 1096 400 1141 ad
418 1087 496 1141 uerum
512 1097 680 1155 percipiendum
698 1110 782 1156 segnes
792 1101 813 1140 et
821 1096 897 1153 suspi—

34 1178 92 1223 ciosi
106 1177 238 1234 reddantur,
256 1175 317 1220 rinde
333 1176 368 1220 uis
380 1175 466 1221 tiherae
478 1176 600 1223 uoluntatis
615 1178 637 1223 in
653 1178 708 1237 ipsis
726 1175 819 1235 prinmm
830 1174 897 1220 dehi-

32 1260 115 1316 litetur,
131 1259 183 1302 dein
199 1257 302 1316 repetitis
320 1256 422 1302 cladibus
438 1257 569 1304 adimatur·.“

92 1356 212 1402 Praeterea
229 1355 329 1401 nonnutti
346 1370 376 1401 ox
392 1369 410 1402 s.
427 1356 528 1402 Patribus
542 1358 602 1414 toci,
613 1350 738 1416 ‘praecipue
755 1368 784 1399 ex
802 1352 893 1410 Grego-

32 1438 67 1483 rio
84 1437 183 1497 Magno,
200 1450 228 1481 ea
244 1450 302 1496 quiae
319 1438 421 1495 exposita
446 1443 523 1494 erant,
547 1437 676 1482 ittustraturi
696 1442 718 1480 et
743 1432 896 1479 continuaturi

32 1523 103 1564 erant.
119 1517 231 1577 ,erivis“,
246 1518 323 1577 inquit,
340 1516 390 1575 „turi
401 1516 525 1561 animorum
539 1530 615 1561 euuun
626 1517 685 1575 gerit
700 1514 723 1559 id
733 1526 803 1573 agere
816 1511 891 1566 dehet,

31 1605 55 1644 ut
71 1611 160 1657 semper
175 1598 258 1642 haheat
274 1598 297 1641 in
314 1601 425 1654 proirrptu,
440 1597 501 1656 quod
518 1597 614 1656 singulis
630 1597 654 1640 in
670 1608 727 1655 quos
743 1594 801 1638 torte
817 1594 892 1650 impe-

33 1679 109 1739 gerit,
132 1683 177 1724 tum
191 1691 232 1737 pro
246 1690 329 1723 eorum
347 1677 441 1722 utilitate
457 1683 503 1722 tum
518 1690 560 1736 pro
576 1689 655 1722 eornm
670 1674 808 1727 necessitate
825 1673 894 1728 dicat,

35 1760 63 1805 dc
80 1772 123 1819 qua
148 1771 174 1802 re
195 1756 306 1802 videndus
330 1756 352 1804 S.
370 1757 494 1817 Gregorius
508 1758 566 1817 Papa
590 1763 613 1803 et
627 1757 746 1801 Ecclesiae
768 1755 855 1799 Doctor
872 1753 896 1796 in

34 1840 132 1883 tectione
153 1835 274 1896 primalht
294 1837 403 1882 Nocturn.
428 1835 480 1882 sesti
506 1837 607 1882 eiusdem
631 1838 708 1885 Sancti
736 1837 801 1881 thora
827 1835 848 1880 d.
866 1847 894 1877 m.

31 1916 125 1962 uiaret«

92 2103 153 2148 Finis
169 2103 365 2147 commentationis
381 2102 535 2160 propositurus
553 2107 617 2147 erat:

92 2198 132 2257 ,t)
154 2200 319 2244 ttetutationem
340 2202 477 2259 argumentis
501 2201 654 2248 confirmatam
678 2202 778 2248 methodi
799 2202 895 2247 histori-

33 2294 82 2339 cae,
100 2294 165 2340 cruam
181 2280 329 2327 Steinhartius
346 2279 459 2338 produxit.

96 2383 122 2440 9)
133 2380 305 2426 Retutationem
320 2381 368 2424 eius
385 2381 469 2437 uronis,
492 2381 529 2438 qui
545 2380 615 2425 hodie
630 2380 737 2436 inuahrit,
765 2378 894 2437 disciptinas

17 2467 93 2507 ‘totas
110 2463 133 2507 in
146 2460 224 2520 'partes
241 2460 389 2506 distribuendi
415 2466 482 2520 atque
507 2462 641 2520 separandi,
664 2462 790 2519 discerptas
811 2473 852 2518 pro
869 2472 895 2504 se

35 2542 174 2600 nundinandi,
200 2546 223 2585 et
239 2541 343 2599 neglecta
359 2541 447 2585 ratione
463 2555 506 2600 qua
523 2547 600 2600 partes
623 2531 652 2587 ad
671 2545 741 2586 totum
758 2540 894 2594 reserantur,

35 2626 57 2665 ct
74 2623 164 2678 ceteris,
180 2633 238 2679 tinae
253 2626 333 2665 natura
351 2634 391 2665 sua
410 2620 439 2666 ad
456 2633 495 2666 eas
513 2623 631 2681 pertinent,
647 2623 671 2667 in
688 2620 895 2674 considerationem

35 2714 80 2747 non
97 2703 192 2747 voeatis.

96 2783 123 2839 3)
139 2783 277 2828 Postremum
296 2795 340 2825 non
364 2781 460 2827 alienum
476 2783 581 2837 videtur,
602 2781 732 2826 hietchioris
752 2779 807 2823 Cani
824 2791 894 2835 prae-

37 2867 123 2919 ceptum
139 2864 264 2921 respicere,
281 2862 317 2906 cui
335 2861 455 2921 theologus
470 2863 601 2908 satisfacere
618 2864 656 2906 uin
673 2860 767 2920 poterit,
784 2858 828 2903 uisi
845 2870 896 2901 nie-

37 2939 106 2997 thodo
123 2943 234 3002 analytica
249 2955 303 2986 usus
317 2943 380 2986 erius

99 3004 160 3065 Haec
177 3023 245 3081 igitur
259 3021 379 3067 methodus
397 3028 449 3080 est,
475 3036 540 3081 quma
556 3021 684 3065 Hermesius
701 3017 816 3078 adhibuit!
846 3020 897 3064 lto-

38 3100 156 3152 gmaticarn
173 3102 202 3145 ad
218 3102 281 3160 teges
301 3102 410 3146 scientiae
427 3106 600 3160 pertractaturus
619 3104 653 3144 est
670 3104 692 3144 et
709 3098 737 3143 ad
754 3098 813 3144 hunc
830 3100 897 3144 turem

40 3172 223 3240 consequendum
237 3170 366 3225 methodum
377 3180 521 3228 treuristieam
539 3178 687 3236 corrrrnendat,
704 3179 764 3226 nulio
778 3180 821 3225 atio
839 3191 898 3224 con-
