<?xml version="1.0" encoding="UTF-8"?>
<!DOCTYPE html PUBLIC "-//W3C//DTD XHTML 1.0 Transitional//EN"
    "http://www.w3.org/TR/xhtml1/DTD/xhtml1-transitional.dtd">
<html xmlns="http://www.w3.org/1999/xhtml" xml:lang="en" lang="en">
 <head>
  <title>
</title>
<meta http-equiv="Content-Type" content="text/html;charset=utf-8" />
  <meta name='ocr-system' content='tesseract 3.04.00' />
  <meta name='ocr-capabilities' content='ocr_page ocr_carea ocr_par ocr_line ocrx_word'/>
</head>
<body>
  <div class='ocr_page' id='page_1' title='image "MN5163ucmf_1_0199.png"; bbox 0 0 1979 3399; ppageno 0'>
   <div class='ocr_carea' id='block_1_1' title="bbox 378 34 579 86">
    <p class='ocr_par' dir='ltr' id='par_1_1' title="bbox 378 34 579 86">
     <span class='ocr_line' id='line_1_1' title="bbox 378 34 579 86; baseline -0.01 0"><span class='ocrx_word' id='word_1_1' title='bbox 378 34 579 86; x_wconf 41' lang='lat'>*163-</span> 
     </span>
    </p>
   </div>
   <div class='ocr_carea' id='block_1_2' title="bbox 51 174 921 2090">
    <p class='ocr_par' dir='ltr' id='par_1_2' title="bbox 51 174 921 2090">
     <span class='ocr_line' id='line_1_2' title="bbox 57 174 912 241; baseline -0.004 -18"><span class='ocrx_word' id='word_1_2' title='bbox 57 177 119 223; x_wconf 71' lang='lat'>1809</span> <span class='ocrx_word' id='word_1_3' title='bbox 138 178 299 240; x_wconf 81' lang='lat' dir='ltr'>promulgatum</span> <span class='ocrx_word' id='word_1_4' title='bbox 317 184 357 231; x_wconf 80' lang='lat' dir='ltr'>est.</span> <span class='ocrx_word' id='word_1_5' title='bbox 390 180 426 226; x_wconf 89' lang='lat' dir='ltr'>Sic</span> <span class='ocrx_word' id='word_1_6' title='bbox 443 180 506 241; x_wconf 79' lang='lat' dir='ltr'>leges</span> <span class='ocrx_word' id='word_1_7' title='bbox 524 179 695 226; x_wconf 87' lang='lat' dir='ltr'>ecclesiasticae</span> <span class='ocrx_word' id='word_1_8' title='bbox 709 174 912 223; x_wconf 84' lang='lat' dir='ltr'>Franco—Gallicae</span> 
     </span>
     <span class='ocr_line' id='line_1_3' title="bbox 52 257 909 319; baseline -0.001 -17"><span class='ocrx_word' id='word_1_9' title='bbox 52 272 96 303; x_wconf 91' lang='lat' dir='ltr'>una</span> <span class='ocrx_word' id='word_1_10' title='bbox 114 272 163 305; x_wconf 86' lang='lat' dir='ltr'>curn</span> <span class='ocrx_word' id='word_1_11' title='bbox 178 259 317 306; x_wconf 71' lang='lat' dir='ltr'>libertatibus</span> <span class='ocrx_word' id='word_1_12' title='bbox 336 260 455 308; x_wconf 79' lang='lat' dir='ltr'>Gallicanis</span> <span class='ocrx_word' id='word_1_13' title='bbox 478 263 544 307; x_wconf 87' lang='lat' dir='ltr'>etiam</span> <span class='ocrx_word' id='word_1_14' title='bbox 566 261 594 307; x_wconf 90' lang='lat' dir='ltr'>ad</span> <span class='ocrx_word' id='word_1_15' title='bbox 611 262 714 307; x_wconf 83' lang='lat' dir='ltr'><strong>Rhenum</strong></span> <span class='ocrx_word' id='word_1_16' title='bbox 731 259 831 319; x_wconf 79' lang='lat' dir='ltr'>legitime</span> <span class='ocrx_word' id='word_1_17' title='bbox 848 257 909 302; x_wconf 86' lang='lat' dir='ltr'>obti-</span> 
     </span>
     <span class='ocr_line' id='line_1_4' title="bbox 51 342 911 404; baseline -0.002 -19"><span class='ocrx_word' id='word_1_18' title='bbox 51 354 107 386; x_wconf 87' lang='lat' dir='ltr'>nere</span> <span class='ocrx_word' id='word_1_19' title='bbox 124 349 251 403; x_wconf 88' lang='lat' dir='ltr'>coeperunt.</span> <span class='ocrx_word' id='word_1_20' title='bbox 285 343 395 397; x_wconf 83' lang='lat' dir='ltr'>Quantum</span> <span class='ocrx_word' id='word_1_21' title='bbox 413 344 442 389; x_wconf 85' lang='lat' dir='ltr'>ad</span> <span class='ocrx_word' id='word_1_22' title='bbox 466 346 538 402; x_wconf 85' lang='lat' dir='ltr'>capita</span> <span class='ocrx_word' id='word_1_23' title='bbox 561 345 597 388; x_wconf 84' lang='lat' dir='ltr'>illa</span> <span class='ocrx_word' id='word_1_24' title='bbox 614 350 709 404; x_wconf 87' lang='lat' dir='ltr'>quatuor</span> <span class='ocrx_word' id='word_1_25' title='bbox 726 342 812 399; x_wconf 87' lang='lat' dir='ltr'>attinet,</span> <span class='ocrx_word' id='word_1_26' title='bbox 827 351 911 385; x_wconf 85' lang='lat' dir='ltr'>novum</span> 
     </span>
     <span class='ocr_line' id='line_1_5' title="bbox 52 420 911 484; baseline -0.003 -17"><span class='ocrx_word' id='word_1_27' title='bbox 52 422 168 469; x_wconf 90' lang='lat' dir='ltr'>decretum</span> <span class='ocrx_word' id='word_1_28' title='bbox 186 425 222 469; x_wconf 91' lang='lat' dir='ltr'>die</span> <span class='ocrx_word' id='word_1_29' title='bbox 232 424 349 470; x_wconf 80' lang='lat' dir='ltr'>Februarii</span> <span class='ocrx_word' id='word_1_30' title='bbox 366 426 395 469; x_wconf 70' lang='lat'>25</span> <span class='ocrx_word' id='word_1_31' title='bbox 413 438 432 469; x_wconf 90' lang='lat' dir='ltr'>a.</span> <span class='ocrx_word' id='word_1_32' title='bbox 448 424 507 469; x_wconf 77' lang='lat'>1810</span> <span class='ocrx_word' id='word_1_33' title='bbox 520 437 533 469; x_wconf 90' lang='lat' dir='ltr'>a</span> <span class='ocrx_word' id='word_1_34' title='bbox 545 423 675 483; x_wconf 90' lang='lat' dir='ltr'>Napoleone</span> <span class='ocrx_word' id='word_1_35' title='bbox 691 425 827 484; x_wconf 72' lang='lat' dir='ltr'>imperatore</span> <span class='ocrx_word' id='word_1_36' title='bbox 839 420 911 466; x_wconf 81' lang='lat' dir='ltr'>emis-</span> 
     </span>
     <span class='ocr_line' id='line_1_6' title="bbox 53 502 910 565; baseline -0.001 -17"><span class='ocrx_word' id='word_1_37' title='bbox 53 517 101 549; x_wconf 92' lang='lat' dir='ltr'>sum</span> <span class='ocrx_word' id='word_1_38' title='bbox 119 509 160 549; x_wconf 90' lang='lat' dir='ltr'>est.</span> <span class='ocrx_word' id='word_1_39' title='bbox 192 504 217 548; x_wconf 89' lang='lat' dir='ltr'>ld</span> <span class='ocrx_word' id='word_1_40' title='bbox 233 517 282 549; x_wconf 90' lang='lat' dir='ltr'>cum</span> <span class='ocrx_word' id='word_1_41' title='bbox 299 505 401 549; x_wconf 76' lang='lat' dir='ltr'>arabibus</span> <span class='ocrx_word' id='word_1_42' title='bbox 415 504 598 563; x_wconf 75' lang='lat' dir='ltr'>archiepiscopis,</span> <span class='ocrx_word' id='word_1_43' title='bbox 611 505 722 565; x_wconf 88' lang='lat' dir='ltr'>episcopis</span> <span class='ocrx_word' id='word_1_44' title='bbox 738 504 826 563; x_wconf 91' lang='lat' dir='ltr'>imperii</span> <span class='ocrx_word' id='word_1_45' title='bbox 836 502 910 548; x_wconf 84' lang='lat' dir='ltr'>Fran-</span> 
     </span>
     <span class='ocr_line' id='line_1_7' title="bbox 53 583 909 645; baseline -0.001 -16"><span class='ocrx_word' id='word_1_46' title='bbox 53 585 189 641; x_wconf 85' lang='lat' dir='ltr'>eo—Gallici,</span> <span class='ocrx_word' id='word_1_47' title='bbox 214 597 264 629; x_wconf 90' lang='lat' dir='ltr'>cum</span> <span class='ocrx_word' id='word_1_48' title='bbox 286 598 314 630; x_wconf 94' lang='lat' dir='ltr'>eo</span> <span class='ocrx_word' id='word_1_49' title='bbox 340 586 378 644; x_wconf 82' lang='lat' dir='ltr'>qui</span> <span class='ocrx_word' id='word_1_50' title='bbox 400 584 442 629; x_wconf 89' lang='lat' dir='ltr'>toti</span> <span class='ocrx_word' id='word_1_51' title='bbox 466 583 542 629; x_wconf 79' lang='lat' dir='ltr'>officio</span> <span class='ocrx_word' id='word_1_52' title='bbox 560 584 691 630; x_wconf 87' lang='lat' dir='ltr'>academico</span> <span class='ocrx_word' id='word_1_53' title='bbox 708 586 851 645; x_wconf 84' lang='lat' dir='ltr'>praepositus</span> <span class='ocrx_word' id='word_1_54' title='bbox 868 588 909 641; x_wconf 86' lang='lat' dir='ltr'>est,</span> 
     </span>
     <span class='ocr_line' id='line_1_8' title="bbox 53 665 908 731; baseline 0 -21"><span class='ocrx_word' id='word_1_55' title='bbox 53 665 220 724; x_wconf 81' lang='lat' dir='ltr'>acaderniisque</span> <span class='ocrx_word' id='word_1_56' title='bbox 244 665 395 710; x_wconf 87' lang='lat' dir='ltr'>universitatis</span> <span class='ocrx_word' id='word_1_57' title='bbox 420 665 562 721; x_wconf 85' lang='lat' dir='ltr'>Caesareae,</span> <span class='ocrx_word' id='word_1_58' title='bbox 578 666 718 731; x_wconf 78' lang='lat' dir='ltr'>praesidibus</span> <span class='ocrx_word' id='word_1_59' title='bbox 735 667 908 712; x_wconf 87' lang='lat' dir='ltr'>seminariorum</span> 
     </span>
     <span class='ocr_line' id='line_1_9' title="bbox 54 745 910 806; baseline 0.001 -15"><span class='ocrx_word' id='word_1_60' title='bbox 54 752 76 791; x_wconf 90' lang='lat' dir='ltr'>et</span> <span class='ocrx_word' id='word_1_61' title='bbox 89 745 216 791; x_wconf 89' lang='lat' dir='ltr'>scholarum</span> <span class='ocrx_word' id='word_1_62' title='bbox 232 746 410 806; x_wconf 80' lang='lat' dir='ltr'>theologicarum</span> <span class='ocrx_word' id='word_1_63' title='bbox 435 747 621 791; x_wconf 88' lang='lat' dir='ltr'>eonnnunicatum</span> <span class='ocrx_word' id='word_1_64' title='bbox 636 750 683 803; x_wconf 88' lang='lat' dir='ltr'>est,</span> <span class='ocrx_word' id='word_1_65' title='bbox 700 752 724 791; x_wconf 90' lang='lat' dir='ltr'>ut</span> <span class='ocrx_word' id='word_1_66' title='bbox 739 748 782 791; x_wconf 88' lang='lat' dir='ltr'>rite</span> <span class='ocrx_word' id='word_1_67' title='bbox 800 747 822 790; x_wconf 91' lang='lat' dir='ltr'>ei</span> <span class='ocrx_word' id='word_1_68' title='bbox 838 747 910 792; x_wconf 88' lang='lat' dir='ltr'>obsc-</span> 
     </span>
     <span class='ocr_line' id='line_1_10' title="bbox 53 826 910 887; baseline 0.001 -15"><span class='ocrx_word' id='word_1_69' title='bbox 53 833 182 886; x_wconf 86' lang='lat' dir='ltr'>qucrentur.</span> <span class='ocrx_word' id='word_1_70' title='bbox 215 828 287 872; x_wconf 84' lang='lat' dir='ltr'>Etiam</span> <span class='ocrx_word' id='word_1_71' title='bbox 304 841 354 872; x_wconf 87' lang='lat' dir='ltr'>curn</span> <span class='ocrx_word' id='word_1_72' title='bbox 369 826 491 886; x_wconf 88' lang='lat' dir='ltr'>episcopali</span> <span class='ocrx_word' id='word_1_73' title='bbox 509 827 648 872; x_wconf 90' lang='lat' dir='ltr'>ordinariatu</span> <span class='ocrx_word' id='word_1_74' title='bbox 663 827 857 887; x_wconf 80' lang='lat' dir='ltr'>Aquisgranensi,</span> <span class='ocrx_word' id='word_1_75' title='bbox 881 827 910 873; x_wconf 87' lang='lat' dir='ltr'>ad</span> 
     </span>
     <span class='ocr_line' id='line_1_11' title="bbox 55 907 910 969; baseline -0.001 -15"><span class='ocrx_word' id='word_1_76' title='bbox 55 923 120 969; x_wconf 83' lang='lat' dir='ltr'>quem</span> <span class='ocrx_word' id='word_1_77' title='bbox 128 909 206 954; x_wconf 85' lang='lat' dir='ltr'>Bonna</span> <span class='ocrx_word' id='word_1_78' title='bbox 213 908 347 967; x_wconf 76' lang='lat' dir='ltr'>pertinebat,</span> <span class='ocrx_word' id='word_1_79' title='bbox 356 909 542 953; x_wconf 89' lang='lat' dir='ltr'>communicatum</span> <span class='ocrx_word' id='word_1_80' title='bbox 552 912 574 952; x_wconf 93' lang='lat' dir='ltr'>et</span> <span class='ocrx_word' id='word_1_81' title='bbox 583 921 595 951; x_wconf 91' lang='lat' dir='ltr'>a</span> <span class='ocrx_word' id='word_1_82' title='bbox 603 907 693 953; x_wconf 89' lang='lat' dir='ltr'>Vicario</span> <span class='ocrx_word' id='word_1_83' title='bbox 702 908 802 968; x_wconf 80' lang='lat' dir='ltr'>generali</span> <span class='ocrx_word' id='word_1_84' title='bbox 811 908 910 954; x_wconf 84' lang='lat' dir='ltr'>Fenchio</span> 
     </span>
     <span class='ocr_line' id='line_1_12' title="bbox 54 987 912 1049; baseline -0.003 -14"><span class='ocrx_word' id='word_1_85' title='bbox 54 992 96 1035; x_wconf 91' lang='lat' dir='ltr'>rite</span> <span class='ocrx_word' id='word_1_86' title='bbox 109 1004 136 1034; x_wconf 92' lang='lat' dir='ltr'>ac</span> <span class='ocrx_word' id='word_1_87' title='bbox 149 989 272 1035; x_wconf 86' lang='lat' dir='ltr'>solenniter</span> <span class='ocrx_word' id='word_1_88' title='bbox 293 994 407 1048; x_wconf 91' lang='lat' dir='ltr'>receptum</span> <span class='ocrx_word' id='word_1_89' title='bbox 424 993 466 1045; x_wconf 83' lang='lat' dir='ltr'>est,</span> <span class='ocrx_word' id='word_1_90' title='bbox 480 987 666 1047; x_wconf 86' lang='lat' dir='ltr'>quemadmodum</span> <span class='ocrx_word' id='word_1_91' title='bbox 678 990 772 1049; x_wconf 91' lang='lat' dir='ltr'>epistola</span> <span class='ocrx_word' id='word_1_92' title='bbox 783 1002 840 1048; x_wconf 87' lang='lat' dir='ltr'>quae</span> <span class='ocrx_word' id='word_1_93' title='bbox 855 988 912 1033; x_wconf 89' lang='lat' dir='ltr'>snb-</span> 
     </span>
     <span class='ocr_line' id='line_1_13' title="bbox 54 1068 913 1128; baseline -0.003 -12"><span class='ocrx_word' id='word_1_94' title='bbox 54 1073 161 1128; x_wconf 78' lang='lat' dir='ltr'>seouitur,</span> <span class='ocrx_word' id='word_1_95' title='bbox 175 1070 204 1114; x_wconf 89' lang='lat' dir='ltr'>ad</span> <span class='ocrx_word' id='word_1_96' title='bbox 219 1083 268 1114; x_wconf 93' lang='lat' dir='ltr'>eum</span> <span class='ocrx_word' id='word_1_97' title='bbox 285 1071 320 1114; x_wconf 90' lang='lat' dir='ltr'>eui</span> <span class='ocrx_word' id='word_1_98' title='bbox 335 1070 358 1114; x_wconf 95' lang='lat' dir='ltr'>in</span> <span class='ocrx_word' id='word_1_99' title='bbox 376 1068 548 1114; x_wconf 85' lang='lat' dir='ltr'>Franco-Gallia</span> <span class='ocrx_word' id='word_1_100' title='bbox 566 1082 681 1114; x_wconf 89' lang='lat' dir='ltr'>sacrorum</span> <span class='ocrx_word' id='word_1_101' title='bbox 698 1083 751 1116; x_wconf 88' lang='lat' dir='ltr'>eura</span> <span class='ocrx_word' id='word_1_102' title='bbox 768 1071 848 1116; x_wconf 87' lang='lat' dir='ltr'>tradita</span> <span class='ocrx_word' id='word_1_103' title='bbox 864 1073 913 1114; x_wconf 87' lang='lat' dir='ltr'>erat</span> 
     </span>
     <span class='ocr_line' id='line_1_14' title="bbox 53 1149 330 1197; baseline -0.011 -1"><span class='ocrx_word' id='word_1_104' title='bbox 53 1153 121 1197; x_wconf 88' lang='lat' dir='ltr'>missa</span> <span class='ocrx_word' id='word_1_105' title='bbox 138 1151 198 1195; x_wconf 87' lang='lat' dir='ltr'>clare</span> <span class='ocrx_word' id='word_1_106' title='bbox 217 1149 330 1194; x_wconf 87' lang='lat' dir='ltr'>ostendit:</span> 
     </span>
     <span class='ocr_line' id='line_1_15' title="bbox 149 1229 912 1289; baseline 0.001 -14"><span class='ocrx_word' id='word_1_107' title='bbox 149 1230 275 1289; x_wconf 81' lang='lat' dir='ltr'>,Epistulae</span> <span class='ocrx_word' id='word_1_108' title='bbox 293 1244 305 1275; x_wconf 91' lang='lat' dir='ltr'>a</span> <span class='ocrx_word' id='word_1_109' title='bbox 321 1235 352 1289; x_wconf 90' lang='lat' dir='ltr'>tc,</span> <span class='ocrx_word' id='word_1_110' title='bbox 368 1232 404 1275; x_wconf 83' lang='lat' dir='ltr'>uir</span> <span class='ocrx_word' id='word_1_111' title='bbox 418 1229 578 1276; x_wconf 90' lang='lat' dir='ltr'>illustrissimel</span> <span class='ocrx_word' id='word_1_112' title='bbox 596 1230 633 1274; x_wconf 91' lang='lat' dir='ltr'>die</span> <span class='ocrx_word' id='word_1_113' title='bbox 650 1230 733 1289; x_wconf 87' lang='lat' dir='ltr'>Aprilis</span> <span class='ocrx_word' id='word_1_114' title='bbox 750 1232 780 1278; x_wconf 69' lang='lat' dir='ltr'>aa</span> <span class='ocrx_word' id='word_1_115' title='bbox 798 1238 830 1288; x_wconf 83' lang='lat' dir='ltr'>(a.</span> <span class='ocrx_word' id='word_1_116' title='bbox 841 1231 912 1288; x_wconf 80' lang='grc'><strong>1810)</strong></span> 
     </span>
     <span class='ocr_line' id='line_1_16' title="bbox 148 1310 912 1359; baseline 0.003 -3"><span class='ocrx_word' id='word_1_117' title='bbox 148 1311 230 1356; x_wconf 89' lang='lat' dir='ltr'>adme</span> <span class='ocrx_word' id='word_1_118' title='bbox 254 1312 282 1356; x_wconf 89' lang='lat' dir='ltr'>de</span> <span class='ocrx_word' id='word_1_119' title='bbox 307 1312 409 1356; x_wconf 90' lang='lat' dir='ltr'>doctrina</span> <span class='ocrx_word' id='word_1_120' title='bbox 429 1310 541 1356; x_wconf 90' lang='lat' dir='ltr'>ecclesiae</span> <span class='ocrx_word' id='word_1_121' title='bbox 558 1310 686 1358; x_wconf 86' lang='lat' dir='ltr'>Gallicanae</span> <span class='ocrx_word' id='word_1_122' title='bbox 701 1313 784 1359; x_wconf 87' lang='lat' dir='ltr'>missac</span> <span class='ocrx_word' id='word_1_123' title='bbox 811 1314 912 1359; x_wconf 91' lang='lat' dir='ltr'>obseou-</span> 
     </span>
     <span class='ocr_line' id='line_1_17' title="bbox 149 1390 910 1450; baseline 0.003 -14"><span class='ocrx_word' id='word_1_124' title='bbox 149 1396 183 1436; x_wconf 90' lang='lat' dir='ltr'>tus</span> <span class='ocrx_word' id='word_1_125' title='bbox 198 1404 289 1450; x_wconf 89' lang='lat' dir='ltr'>operam</span> <span class='ocrx_word' id='word_1_126' title='bbox 303 1391 375 1437; x_wconf 84' lang='lat' dir='ltr'>statim</span> <span class='ocrx_word' id='word_1_127' title='bbox 391 1390 451 1448; x_wconf 91' lang='lat' dir='ltr'>dedi,</span> <span class='ocrx_word' id='word_1_128' title='bbox 467 1396 491 1435; x_wconf 88' lang='lat' dir='ltr'>ut</span> <span class='ocrx_word' id='word_1_129' title='bbox 505 1390 649 1449; x_wconf 85' lang='lat' dir='ltr'>professores</span> <span class='ocrx_word' id='word_1_130' title='bbox 673 1395 789 1439; x_wconf 87' lang='lat' dir='ltr'>seminarii</span> <span class='ocrx_word' id='word_1_131' title='bbox 814 1394 910 1439; x_wconf 89' lang='lat' dir='ltr'>dioece-</span> 
     </span>
     <span class='ocr_line' id='line_1_18' title="bbox 149 1471 910 1519; baseline 0.003 -2"><span class='ocrx_word' id='word_1_132' title='bbox 149 1473 199 1517; x_wconf 86' lang='lat' dir='ltr'>sani</span> <span class='ocrx_word' id='word_1_133' title='bbox 218 1471 261 1516; x_wconf 89' lang='lat' dir='ltr'>hac</span> <span class='ocrx_word' id='word_1_134' title='bbox 284 1471 356 1516; x_wconf 86' lang='lat' dir='ltr'>dere</span> <span class='ocrx_word' id='word_1_135' title='bbox 381 1473 490 1516; x_wconf 88' lang='lat' dir='ltr'>certiores</span> <span class='ocrx_word' id='word_1_136' title='bbox 513 1472 599 1516; x_wconf 86' lang='lat' dir='ltr'>herent.</span> <span class='ocrx_word' id='word_1_137' title='bbox 637 1471 670 1517; x_wconf 91' lang='lat' dir='ltr'>llli</span> <span class='ocrx_word' id='word_1_138' title='bbox 694 1475 800 1519; x_wconf 88' lang='lat' dir='ltr'>continuo</span> <span class='ocrx_word' id='word_1_139' title='bbox 820 1475 853 1519; x_wconf 91' lang='lat' dir='ltr'>sic</span> <span class='ocrx_word' id='word_1_140' title='bbox 869 1486 910 1519; x_wconf 86' lang='lat' dir='ltr'>re-</span> 
     </span>
     <span class='ocr_line' id='line_1_19' title="bbox 148 1551 909 1611; baseline 0.001 -13"><span class='ocrx_word' id='word_1_141' title='bbox 148 1551 293 1611; x_wconf 90' lang='lat' dir='ltr'>sponderunt,</span> <span class='ocrx_word' id='word_1_142' title='bbox 309 1556 333 1597; x_wconf 91' lang='lat' dir='ltr'>ut</span> <span class='ocrx_word' id='word_1_143' title='bbox 351 1552 448 1596; x_wconf 91' lang='lat' dir='ltr'>animum</span> <span class='ocrx_word' id='word_1_144' title='bbox 470 1565 525 1596; x_wconf 89' lang='lat' dir='ltr'>vere</span> <span class='ocrx_word' id='word_1_145' title='bbox 541 1552 662 1611; x_wconf 82' lang='lat' dir='ltr'>ingenuum</span> <span class='ocrx_word' id='word_1_146' title='bbox 678 1553 827 1611; x_wconf 80' lang='lat' dir='ltr'>declararent,</span> <span class='ocrx_word' id='word_1_147' title='bbox 845 1556 909 1599; x_wconf 89' lang='lat' dir='ltr'>cuius</span> 
     </span>
     <span class='ocr_line' id='line_1_20' title="bbox 150 1632 912 1690; baseline 0.005 -13"><span class='ocrx_word' id='word_1_148' title='bbox 150 1632 185 1677; x_wconf 87' lang='lat' dir='ltr'>rei</span> <span class='ocrx_word' id='word_1_149' title='bbox 197 1632 330 1677; x_wconf 90' lang='lat' dir='ltr'>documento</span> <span class='ocrx_word' id='word_1_150' title='bbox 342 1636 393 1676; x_wconf 90' lang='lat' dir='ltr'>sunt</span> <span class='ocrx_word' id='word_1_151' title='bbox 401 1632 483 1690; x_wconf 89' lang='lat' dir='ltr'>scripta</span> <span class='ocrx_word' id='word_1_152' title='bbox 492 1645 533 1689; x_wconf 91' lang='lat' dir='ltr'>per</span> <span class='ocrx_word' id='word_1_153' title='bbox 544 1633 597 1676; x_wconf 89' lang='lat' dir='ltr'>anni</span> <span class='ocrx_word' id='word_1_154' title='bbox 611 1632 677 1677; x_wconf 85' lang='lat' dir='ltr'>lurius</span> <span class='ocrx_word' id='word_1_155' title='bbox 691 1636 824 1680; x_wconf 78' lang='lat' dir='ltr'>crnriculum</span> <span class='ocrx_word' id='word_1_156' title='bbox 836 1635 912 1681; x_wconf 88' lang='lat' dir='ltr'>dicta-</span> 
     </span>
     <span class='ocr_line' id='line_1_21' title="bbox 149 1711 912 1776; baseline 0.009 -20"><span class='ocrx_word' id='word_1_157' title='bbox 149 1716 186 1768; x_wconf 92' lang='lat' dir='ltr'>ta,</span> <span class='ocrx_word' id='word_1_158' title='bbox 203 1725 260 1770; x_wconf 82' lang='lat' dir='ltr'>quae</span> <span class='ocrx_word' id='word_1_159' title='bbox 275 1724 320 1755; x_wconf 91' lang='lat' dir='ltr'>uua</span> <span class='ocrx_word' id='word_1_160' title='bbox 337 1724 386 1755; x_wconf 93' lang='lat' dir='ltr'>cnm</span> <span class='ocrx_word' id='word_1_161' title='bbox 401 1711 481 1756; x_wconf 88' lang='lat' dir='ltr'>litteris</span> <span class='ocrx_word' id='word_1_162' title='bbox 499 1725 511 1755; x_wconf 92' lang='lat' dir='ltr'>a</span> <span class='ocrx_word' id='word_1_163' title='bbox 527 1712 632 1770; x_wconf 89' lang='lat' dir='ltr'>praeside</span> <span class='ocrx_word' id='word_1_164' title='bbox 647 1713 676 1757; x_wconf 91' lang='lat' dir='ltr'>ad</span> <span class='ocrx_word' id='word_1_165' title='bbox 692 1727 728 1758; x_wconf 92' lang='lat' dir='ltr'>me</span> <span class='ocrx_word' id='word_1_166' title='bbox 740 1715 796 1760; x_wconf 90' lang='lat' dir='ltr'>datis</span> <span class='ocrx_word' id='word_1_167' title='bbox 807 1717 842 1762; x_wconf 92' lang='lat' dir='ltr'>his</span> <span class='ocrx_word' id='word_1_168' title='bbox 854 1730 912 1776; x_wconf 82' lang='lat' dir='ltr'>quae</span> 
     </span>
     <span class='ocr_line' id='line_1_22' title="bbox 149 1790 912 1857; baseline 0.012 -22"><span class='ocrx_word' id='word_1_169' title='bbox 149 1792 197 1849; x_wconf 91' lang='lat' dir='ltr'>ipse</span> <span class='ocrx_word' id='word_1_170' title='bbox 214 1791 243 1836; x_wconf 89' lang='lat' dir='ltr'>ad</span> <span class='ocrx_word' id='word_1_171' title='bbox 264 1795 286 1835; x_wconf 92' lang='lat' dir='ltr'>te</span> <span class='ocrx_word' id='word_1_172' title='bbox 306 1791 387 1849; x_wconf 89' lang='lat' dir='ltr'>scripsi</span> <span class='ocrx_word' id='word_1_173' title='bbox 405 1790 532 1835; x_wconf 88' lang='lat' dir='ltr'>adiicienda</span> <span class='ocrx_word' id='word_1_174' title='bbox 550 1793 634 1837; x_wconf 84' lang='lat' dir='ltr'>curavi.</span> <span class='ocrx_word' id='word_1_175' title='bbox 665 1793 719 1839; x_wconf 88' lang='lat' dir='ltr'>hlihi</span> <span class='ocrx_word' id='word_1_176' title='bbox 739 1795 788 1853; x_wconf 90' lang='lat' dir='ltr'>ipse</span> <span class='ocrx_word' id='word_1_177' title='bbox 803 1799 912 1857; x_wconf 84' lang='lat' dir='ltr'>gratulor,</span> 
     </span>
     <span class='ocr_line' id='line_1_23' title="bbox 149 1871 913 1934; baseline 0.01 -18"><span class='ocrx_word' id='word_1_178' title='bbox 149 1872 294 1916; x_wconf 83' lang='lat' dir='ltr'>occasionem</span> <span class='ocrx_word' id='word_1_179' title='bbox 310 1872 430 1928; x_wconf 84' lang='lat' dir='ltr'>evenisse,</span> <span class='ocrx_word' id='word_1_180' title='bbox 445 1884 487 1930; x_wconf 86' lang='lat' dir='ltr'>qua</span> <span class='ocrx_word' id='word_1_181' title='bbox 504 1871 669 1931; x_wconf 88' lang='lat' dir='ltr'>demonstrem,</span> <span class='ocrx_word' id='word_1_182' title='bbox 687 1887 731 1934; x_wconf 84' lang='lat' dir='ltr'>quo</span> <span class='ocrx_word' id='word_1_183' title='bbox 749 1889 826 1922; x_wconf 88' lang='lat' dir='ltr'>amore</span> <span class='ocrx_word' id='word_1_184' title='bbox 846 1878 913 1924; x_wconf 92' lang='lat' dir='ltr'>dioe-</span> 
     </span>
     <span class='ocr_line' id='line_1_24' title="bbox 153 1950 921 2004; baseline 0.01 -9"><span class='ocrx_word' id='word_1_185' title='bbox 153 1952 230 1996; x_wconf 88' lang='lat' dir='ltr'>cesani</span> <span class='ocrx_word' id='word_1_186' title='bbox 252 1950 296 1995; x_wconf 90' lang='lat' dir='ltr'>mei</span> <span class='ocrx_word' id='word_1_187' title='bbox 312 1950 493 1996; x_wconf 87' lang='lat' dir='ltr'>constitutionem</span> <span class='ocrx_word' id='word_1_188' title='bbox 515 1956 537 1995; x_wconf 91' lang='lat' dir='ltr'>et</span> <span class='ocrx_word' id='word_1_189' title='bbox 561 1951 685 1998; x_wconf 87' lang='lat' dir='ltr'>doctrinam</span> <span class='ocrx_word' id='word_1_190' title='bbox 710 1954 823 2001; x_wconf 89' lang='lat' dir='ltr'>ecclesiae</span> <span class='ocrx_word' id='word_1_191' title='bbox 841 1951 921 2004; x_wconf 78' lang='lat' dir='ltr'>Galli-&#39;</span> 
     </span>
     <span class='ocr_line' id='line_1_25' title="bbox 147 2034 469 2090; baseline -0.003 -15"><span class='ocrx_word' id='word_1_192' title='bbox 147 2045 217 2077; x_wconf 91' lang='lat' dir='ltr'>canae</span> <span class='ocrx_word' id='word_1_193' title='bbox 233 2035 397 2090; x_wconf 87' lang='lat' dir='ltr'>prosequantur</span> <span class='ocrx_word' id='word_1_194' title='bbox 413 2034 469 2075; x_wconf 75' lang='lat' dir='ltr'>cet.“</span> 
     </span>
    </p>
   </div>
   <div class='ocr_carea' id='block_1_3' title="bbox 771 2122 880 2167">
    <p class='ocr_par' dir='ltr' id='par_1_3' title="bbox 771 2122 880 2167">
     <span class='ocr_line' id='line_1_26' title="bbox 771 2122 880 2167; baseline 0.009 -1"><span class='ocrx_word' id='word_1_195' title='bbox 771 2122 880 2167; x_wconf 90' lang='lat' dir='ltr'>Fonch.</span> 
     </span>
    </p>
   </div>
   <div class='ocr_carea' id='block_1_4' title="bbox 57 2249 913 2952">
    <p class='ocr_par' dir='ltr' id='par_1_4' title="bbox 57 2249 913 2952">
     <span class='ocr_line' id='line_1_27' title="bbox 119 2249 913 2311; baseline 0.004 -13"><span class='ocrx_word' id='word_1_196' title='bbox 119 2253 181 2298; x_wconf 90' lang='lat' dir='ltr'>llaec</span> <span class='ocrx_word' id='word_1_197' title='bbox 204 2252 332 2297; x_wconf 89' lang='lat' dir='ltr'>constitutio</span> <span class='ocrx_word' id='word_1_198' title='bbox 352 2249 450 2309; x_wconf 78' lang='lat' dir='ltr'>legitime</span> <span class='ocrx_word' id='word_1_199' title='bbox 474 2250 613 2310; x_wconf 80' lang='lat' dir='ltr'>promulgata</span> <span class='ocrx_word' id='word_1_200' title='bbox 636 2257 658 2296; x_wconf 89' lang='lat' dir='ltr'>et</span> <span class='ocrx_word' id='word_1_201' title='bbox 678 2258 770 2311; x_wconf 90' lang='lat' dir='ltr'>recepta</span> <span class='ocrx_word' id='word_1_202' title='bbox 793 2254 867 2300; x_wconf 87' lang='lat' dir='ltr'>adhue</span> <span class='ocrx_word' id='word_1_203' title='bbox 888 2257 913 2301; x_wconf 95' lang='lat' dir='ltr'>in</span> 
     </span>
     <span class='ocr_line' id='line_1_28' title="bbox 57 2330 912 2393; baseline 0.002 -13"><span class='ocrx_word' id='word_1_204' title='bbox 57 2334 178 2393; x_wconf 85' lang='lat' dir='ltr'>provinciis</span> <span class='ocrx_word' id='word_1_205' title='bbox 189 2332 302 2378; x_wconf 86' lang='lat' dir='ltr'>Rhenanis</span> <span class='ocrx_word' id='word_1_206' title='bbox 318 2344 365 2376; x_wconf 90' lang='lat' dir='ltr'>non</span> <span class='ocrx_word' id='word_1_207' title='bbox 381 2330 467 2376; x_wconf 87' lang='lat' dir='ltr'>sublata</span> <span class='ocrx_word' id='word_1_208' title='bbox 478 2336 523 2388; x_wconf 89' lang='lat' dir='ltr'>est,</span> <span class='ocrx_word' id='word_1_209' title='bbox 540 2336 563 2375; x_wconf 92' lang='lat' dir='ltr'>et</span> <span class='ocrx_word' id='word_1_210' title='bbox 580 2330 672 2377; x_wconf 87' lang='lat' dir='ltr'>decreta</span> <span class='ocrx_word' id='word_1_211' title='bbox 689 2334 822 2380; x_wconf 86' lang='lat' dir='ltr'>concordati</span> <span class='ocrx_word' id='word_1_212' title='bbox 838 2336 912 2382; x_wconf 84' lang='lat' dir='ltr'>Fran-</span> 
     </span>
     <span class='ocr_line' id='line_1_29' title="bbox 59 2410 913 2472; baseline 0.007 -14"><span class='ocrx_word' id='word_1_213' title='bbox 59 2414 180 2460; x_wconf 89' lang='lat' dir='ltr'>co-Gallici</span> <span class='ocrx_word' id='word_1_214' title='bbox 196 2415 219 2458; x_wconf 90' lang='lat' dir='ltr'>iu</span> <span class='ocrx_word' id='word_1_215' title='bbox 234 2412 356 2472; x_wconf 85' lang='lat' dir='ltr'>provinciis</span> <span class='ocrx_word' id='word_1_216' title='bbox 370 2410 497 2469; x_wconf 84' lang='lat' dir='ltr'>Rhenanis,</span> <span class='ocrx_word' id='word_1_217' title='bbox 515 2412 543 2457; x_wconf 89' lang='lat' dir='ltr'>iis</span> <span class='ocrx_word' id='word_1_218' title='bbox 562 2425 619 2472; x_wconf 89' lang='lat' dir='ltr'>quae</span> <span class='ocrx_word' id='word_1_219' title='bbox 637 2427 677 2472; x_wconf 86' lang='lat' dir='ltr'>per</span> <span class='ocrx_word' id='word_1_220' title='bbox 693 2414 774 2460; x_wconf 90' lang='lat' dir='ltr'>bullam</span> <span class='ocrx_word' id='word_1_221' title='bbox 790 2415 817 2461; x_wconf 84' lang='lat' dir='ltr'>de</span> <span class='ocrx_word' id='word_1_222' title='bbox 839 2418 913 2463; x_wconf 73' lang='lat' dir='ltr'>solerte</span> 
     </span>
     <span class='ocr_line' id='line_1_30' title="bbox 59 2493 910 2552; baseline 0.006 -13"><span class='ocrx_word' id='word_1_223' title='bbox 59 2494 185 2540; x_wconf 75' lang='lat' dir='ltr'>nutritorum</span> <span class='ocrx_word' id='word_1_224' title='bbox 202 2498 284 2539; x_wconf 89' lang='lat' dir='ltr'>mutata</span> <span class='ocrx_word' id='word_1_225' title='bbox 301 2497 352 2538; x_wconf 89' lang='lat' dir='ltr'>sunt</span> <span class='ocrx_word' id='word_1_226' title='bbox 372 2493 486 2550; x_wconf 80' lang='lat' dir='ltr'>exceptis,</span> <span class='ocrx_word' id='word_1_227' title='bbox 506 2493 627 2552; x_wconf 80' lang='lat' dir='ltr'>legitimam</span> <span class='ocrx_word' id='word_1_228' title='bbox 643 2507 706 2539; x_wconf 88' lang='lat' dir='ltr'>suam</span> <span class='ocrx_word' id='word_1_229' title='bbox 722 2497 767 2541; x_wconf 78' lang='lat' dir='ltr'>uim</span> <span class='ocrx_word' id='word_1_230' title='bbox 784 2499 910 2544; x_wconf 89' lang='lat' dir='ltr'>etiamnunc</span> 
     </span>
     <span class='ocr_line' id='line_1_31' title="bbox 59 2571 911 2635; baseline 0.006 -16"><span class='ocrx_word' id='word_1_231' title='bbox 59 2576 162 2620; x_wconf 85' lang='lat' dir='ltr'>retinent.</span> <span class='ocrx_word' id='word_1_232' title='bbox 196 2573 261 2626; x_wconf 83' lang='lat' dir='ltr'>Quod</span> <span class='ocrx_word' id='word_1_233' title='bbox 277 2585 332 2617; x_wconf 88' lang='lat' dir='ltr'>vero</span> <span class='ocrx_word' id='word_1_234' title='bbox 350 2572 380 2617; x_wconf 93' lang='lat' dir='ltr'>ad</span> <span class='ocrx_word' id='word_1_235' title='bbox 394 2571 452 2616; x_wconf 89' lang='lat' dir='ltr'>illam</span> <span class='ocrx_word' id='word_1_236' title='bbox 469 2584 578 2617; x_wconf 86' lang='lat' dir='ltr'>censurae</span> <span class='ocrx_word' id='word_1_237' title='bbox 594 2575 753 2620; x_wconf 88' lang='lat' dir='ltr'>immunitatem</span> <span class='ocrx_word' id='word_1_238' title='bbox 771 2579 857 2635; x_wconf 85' lang='lat' dir='ltr'>attinet,</span> <span class='ocrx_word' id='word_1_239' title='bbox 873 2580 911 2623; x_wconf 91' lang='lat' dir='ltr'>ni-</span> 
     </span>
     <span class='ocr_line' id='line_1_32' title="bbox 59 2652 911 2714; baseline 0.002 -13"><span class='ocrx_word' id='word_1_240' title='bbox 59 2655 90 2701; x_wconf 92' lang='lat' dir='ltr'>hil</span> <span class='ocrx_word' id='word_1_241' title='bbox 105 2661 210 2700; x_wconf 90' lang='lat' dir='ltr'>mutatum</span> <span class='ocrx_word' id='word_1_242' title='bbox 228 2659 268 2698; x_wconf 83' lang='lat' dir='ltr'>est.</span> <span class='ocrx_word' id='word_1_243' title='bbox 302 2652 387 2705; x_wconf 81' lang='lat' dir='ltr'>Quodsi</span> <span class='ocrx_word' id='word_1_244' title='bbox 404 2652 523 2697; x_wconf 88' lang='lat' dir='ltr'>Perronius</span> <span class='ocrx_word' id='word_1_245' title='bbox 538 2652 582 2698; x_wconf 89' lang='lat' dir='ltr'>hac</span> <span class='ocrx_word' id='word_1_246' title='bbox 600 2653 669 2699; x_wconf 90' lang='lat' dir='ltr'>dere</span> <span class='ocrx_word' id='word_1_247' title='bbox 689 2655 791 2701; x_wconf 87' lang='lat' dir='ltr'>dubitare</span> <span class='ocrx_word' id='word_1_248' title='bbox 809 2659 911 2714; x_wconf 87' lang='lat' dir='ltr'>voluerit,</span> 
     </span>
     <span class='ocr_line' id='line_1_33' title="bbox 59 2732 909 2794; baseline 0.001 -14"><span class='ocrx_word' id='word_1_249' title='bbox 59 2736 132 2781; x_wconf 87' lang='lat' dir='ltr'>facilis</span> <span class='ocrx_word' id='word_1_250' title='bbox 151 2740 226 2781; x_wconf 87' lang='lat' dir='ltr'>estet</span> <span class='ocrx_word' id='word_1_251' title='bbox 249 2737 389 2793; x_wconf 91' lang='lat' dir='ltr'>inpromptu</span> <span class='ocrx_word' id='word_1_252' title='bbox 406 2732 516 2778; x_wconf 86' lang='lat' dir='ltr'>defensio.</span> <span class='ocrx_word' id='word_1_253' title='bbox 554 2733 591 2778; x_wconf 86' lang='lat' dir='ltr'>Ad</span> <span class='ocrx_word' id='word_1_254' title='bbox 614 2733 693 2779; x_wconf 89' lang='lat' dir='ltr'>librum</span> <span class='ocrx_word' id='word_1_255' title='bbox 708 2738 837 2794; x_wconf 90' lang='lat' dir='ltr'>peritissimi</span> <span class='ocrx_word' id='word_1_256' title='bbox 854 2738 909 2782; x_wconf 87' lang='lat' dir='ltr'>iuris</span> 
     </span>
     <span class='ocr_line' id='line_1_34' title="bbox 61 2811 910 2874; baseline 0 -13"><span class='ocrx_word' id='word_1_257' title='bbox 61 2817 156 2863; x_wconf 89' lang='lat' dir='ltr'>consulti</span> <span class='ocrx_word' id='word_1_258' title='bbox 173 2814 275 2861; x_wconf 88' lang='lat' dir='ltr'>Rhenani</span> <span class='ocrx_word' id='word_1_259' title='bbox 290 2811 411 2857; x_wconf 85' lang='lat' dir='ltr'>amandare</span> <span class='ocrx_word' id='word_1_260' title='bbox 427 2824 477 2857; x_wconf 90' lang='lat' dir='ltr'>eum</span> <span class='ocrx_word' id='word_1_261' title='bbox 492 2813 613 2871; x_wconf 89' lang='lat' dir='ltr'>poterimus</span> <span class='ocrx_word' id='word_1_262' title='bbox 626 2817 653 2868; x_wconf 73' lang='lat'>1).</span> <span class='ocrx_word' id='word_1_263' title='bbox 676 2814 720 2860; x_wconf 86' lang='lat' dir='ltr'>Sed</span> <span class='ocrx_word' id='word_1_264' title='bbox 738 2815 910 2874; x_wconf 86' lang='lat' dir='ltr'>quoniamhanc</span> 
     </span>
     <span class='ocr_line' id='line_1_35' title="bbox 61 2892 909 2952; baseline 0 -11"><span class='ocrx_word' id='word_1_265' title='bbox 61 2899 216 2944; x_wconf 87' lang='lat' dir='ltr'>auctoritatem</span> <span class='ocrx_word' id='word_1_266' title='bbox 232 2895 269 2940; x_wconf 90' lang='lat' dir='ltr'>ille</span> <span class='ocrx_word' id='word_1_267' title='bbox 286 2907 332 2939; x_wconf 92' lang='lat' dir='ltr'>non</span> <span class='ocrx_word' id='word_1_268' title='bbox 348 2892 424 2952; x_wconf 77' lang='lat' dir='ltr'>magni</span> <span class='ocrx_word' id='word_1_269' title='bbox 442 2893 559 2938; x_wconf 78' lang='lat' dir='ltr'>aestimare</span> <span class='ocrx_word' id='word_1_270' title='bbox 574 2892 648 2948; x_wconf 82' lang='lat' dir='ltr'>volet,</span> <span class='ocrx_word' id='word_1_271' title='bbox 666 2894 760 2938; x_wconf 91' lang='lat' dir='ltr'>cundem</span> <span class='ocrx_word' id='word_1_272' title='bbox 776 2895 805 2939; x_wconf 86' lang='lat' dir='ltr'>ad</span> <span class='ocrx_word' id='word_1_273' title='bbox 822 2896 909 2942; x_wconf 81' lang='lat' dir='ltr'>Gdrre-</span> 
     </span>
    </p>
   </div>
   <div class='ocr_carea' id='block_1_5' title="bbox 59 3024 238 3036">
    <p class='ocr_par' dir='ltr' id='par_1_5' title="bbox 59 3024 238 3036">
     <span class='ocr_line' id='line_1_36' title="bbox 59 3024 238 3036; baseline 0 0"><span class='ocrx_word' id='word_1_274' title='bbox 59 3024 238 3036; x_wconf 45' lang='grc' dir='ltr'>Ἢ</span> 
     </span>
    </p>
   </div>
   <div class='ocr_carea' id='block_1_6' title="bbox 101 3099 906 3218">
    <p class='ocr_par' dir='ltr' id='par_1_6' title="bbox 101 3099 906 3218">
     <span class='ocr_line' id='line_1_37' title="bbox 101 3099 906 3155; baseline 0.001 -13"><span class='ocrx_word' id='word_1_275' title='bbox 101 3106 120 3155; x_wconf 82' lang='grc'>1)</span> <span class='ocrx_word' id='word_1_276' title='bbox 136 3104 200 3141; x_wconf 81' lang='lat' dir='ltr'>Causa</span> <span class='ocrx_word' id='word_1_277' title='bbox 216 3102 353 3147; x_wconf 86' lang='lat' dir='ltr'>Coloniensis,</span> <span class='ocrx_word' id='word_1_278' title='bbox 374 3101 399 3138; x_wconf 83' lang='lat' dir='ltr'>ad</span> <span class='ocrx_word' id='word_1_279' title='bbox 414 3113 497 3138; x_wconf 75' lang='lat' dir='ltr'>examen</span> <span class='ocrx_word' id='word_1_280' title='bbox 517 3107 586 3140; x_wconf 72' lang='lat' dir='ltr'>uocata</span> <span class='ocrx_word' id='word_1_281' title='bbox 602 3099 710 3138; x_wconf 84' lang='lat' dir='ltr'>secundum</span> <span class='ocrx_word' id='word_1_282' title='bbox 728 3101 786 3153; x_wconf 58' lang='lat' dir='ltr'>deges</span> <span class='ocrx_word' id='word_1_283' title='bbox 801 3104 906 3145; x_wconf 80' lang='lat' dir='ltr'>Rhenanus</span> 
     </span>
     <span class='ocr_line' id='line_1_38' title="bbox 140 3169 671 3218; baseline -0.008 -8"><span class='ocrx_word' id='word_1_284' title='bbox 140 3173 164 3210; x_wconf 85' lang='lat' dir='ltr'>ab</span> <span class='ocrx_word' id='word_1_285' title='bbox 179 3174 260 3212; x_wconf 86' lang='lat' dir='ltr'>homine</span> <span class='ocrx_word' id='word_1_286' title='bbox 274 3171 379 3218; x_wconf 73' lang='lat' dir='ltr'>ahenam,</span> <span class='ocrx_word' id='word_1_287' title='bbox 392 3171 519 3209; x_wconf 82' lang='lat' dir='ltr'>Francofurti</span> <span class='ocrx_word' id='word_1_288' title='bbox 534 3169 559 3208; x_wconf 82' lang='lat' dir='ltr'>ad</span> <span class='ocrx_word' id='word_1_289' title='bbox 571 3170 598 3207; x_wconf 87' lang='lat' dir='ltr'>hl.</span> <span class='ocrx_word' id='word_1_290' title='bbox 615 3171 671 3210; x_wconf 80' lang='lat'>1838.</span> 
     </span>
    </p>
   </div>
   <div class='ocr_carea' id='block_1_7' title="bbox 0 0 1002 3399">
    <p class='ocr_par' dir='ltr' id='par_1_7' title="bbox 0 0 1002 3399">
     <span class='ocr_line' id='line_1_39' title="bbox 0 0 1002 3399; baseline 0 0"><span class='ocrx_word' id='word_1_291' title='bbox 0 0 1002 3399; x_wconf 95' lang='lat' dir='ltr'> </span> 
     </span>
    </p>
   </div>
  </div>
 </body>
</html>
