1979 3399
341 64 544 131 uoco-

14 215 160 275 tiarnrttium
177 217 272 278 originis
287 219 389 265 dicerent
406 220 626 279 concupiscentiam,
645 231 703 278 quac
721 217 744 263 in
760 218 869 278 baptismo

14 304 131 358 peccatum
147 314 199 346 esso
218 301 314 358 desinat,
330 302 491 361 acceptandum
508 306 591 346 essctf‘·
617 302 661 347 Scd
677 300 802 348 secundum
819 300 872 346 tlrc«

14 394 52 426 ses
71 383 219 428 Colouicnscs
235 383 388 429 confutatorcs
406 383 526 437 tolluntur,
548 396 649 428 orrorcur
666 384 739 428 errori
755 396 872 442 opposue-

15 469 73 519 runt,
88 465 163 522 opinio
180 477 257 510 corum
273 465 416 523 reprobanda
432 469 466 508 cst
482 477 553 522 eaque
570 466 684 510 aclcricis
694 465 873 511 archidioccesis

18 542 159 589 ilotouiaiisis
181 551 205 590 ut
226 545 276 590 talis
298 545 438 604 designanda
460 551 502 589 est.
535 546 557 591 Si
574 547 694 592 l'crronius
715 560 792 591 rerum
809 547 871 603 dixit,

16 627 140 685 Gregorius
157 627 206 672 ,ivr
232 627 327 672 candem
345 627 403 672 hanc
421 626 547 671 doctrinam
570 629 592 671 iu
609 627 677 673 Brevi
697 641 738 674 suo
763 628 873 674 adversus

17 709 157 757 llermosium
175 710 257 754 emisso
275 709 394 755 damnavit.

81 792 162 851 Opinio
180 807 200 837 s.
218 791 354 852 Augustini,
380 792 437 836 Petri
453 789 591 848 lombardi,
618 804 636 835 s.
653 790 825 838 Bonarcnturac
841 794 875 840 rci

18 876 121 934 publicae
145 875 270 920 catholicae
295 875 410 933 incognita
440 884 573 932 perurancrc
595 885 642 917 uon
665 875 742 932 potuit.
783 874 825 918 Per
848 887 874 919 se

19 958 67 1016 ipsa
96 958 187 1001 nimium
211 955 412 1000 commendationis
438 955 551 1010 nunciat,
575 959 597 998 ct
614 955 705 998 nomina
731 954 876 998 clelcnsorum

19 1036 70 1079 eins
87 1048 115 1080 eo
136 1035 223 1095 t'ulgoro
239 1035 297 1079 illam
316 1034 527 1089 circumdederant,
543 1039 567 1079 ut
584 1033 631 1078 lere
647 1037 669 1078 iu
686 1035 788 1079 omnibus
806 1034 877 1079 scho-

10 1113 49 1159 lis
66 1115 202 1174 theologicis
217 1115 363 1174 reciperetur.
401 1116 438 1159 Sto
454 1119 579 1174 propagata
595 1121 717 1173 estusque
734 1114 763 1159 ud
779 1119 879 1172 tempora

23 1196 113 1241 concilii
128 1195 259 1240 Tridentini.
298 1196 322 1240 ln
346 1195 390 1240 lmc
408 1195 524 1251 concilio,
549 1196 586 1240 utri
604 1197 691 1254 plurimi
714 1197 815 1256 theologi
835 1201 880 1240 tam

23 1277 124 1329 eruditi,
148 1282 192 1321 tam
214 1277 309 1335 egregie
334 1276 517 1331 doctiadorurrt,
541 1281 564 1321 ut
588 1279 672 1322 nostris
689 1278 767 1322 diebus
783 1277 878 1321 eandem

22 1371 130 1402 srumnam
153 1356 286 1402 cruditionis
305 1358 448 1418 theologicae
470 1372 613 1418 congregare
638 1359 719 1404 trustra
745 1359 879 1417 circumspi-

23 1442 85 1495 cias,
105 1440 127 1483 in
142 1438 187 1482 lroc
202 1440 270 1497 igitur
286 1440 383 1484 concilio
402 1440 477 1498 opinio
495 1436 531 1483 illa
549 1440 619 1498 probe
637 1441 728 1500 cognita
743 1444 799 1484 erat.
833 1439 879 1485 Scd

23 1527 99 1579 patros
121 1520 170 1563 eius
192 1519 282 1563 concilii
298 1519 421 1577 prudenter
441 1521 470 1565 dc
492 1526 570 1566 natura
586 1523 674 1580 pcccati
692 1520 807 1581 originalis
825 1518 880 1564 nihil

24 1603 223 1660 prornrntiavcrunt
237 1606 265 1657 ¹),
282 1605 304 1644 ct
322 1600 382 1645 haud
399 1600 466 1644 dutric
481 1601 609 1658 opinionem
627 1615 645 1646 s.
664 1600 801 1659 Atrpustiai,
820 1597 881 1643 Petri

24 1681 153 1737 lombardi,
169 1695 187 1725 s.
204 1680 380 1724 Bonuceutnrue
396 1686 418 1725 et
440 1685 473 1725 tot
497 1681 589 1725 aliorum
613 1682 768 1725 excellentium
790 1679 881 1724 theolo-

24 1776 105 1822 gorum
128 1761 281 1806 condemnaro
301 1774 347 1805 non
366 1761 491 1806 uoluerunt.
523 1762 593 1806 lmrno
619 1763 738 1807 concilium
757 1766 814 1804 teste
832 1759 883 1802 Au-

27 1842 124 1896 (lindio,
141 1842 178 1899 [pri
194 1840 225 1884 ibi
242 1840 321 1884 aderat
337 1845 360 1884 ct
376 1855 481 1900 nmgnam
495 1854 589 1898 eorum,
607 1855 664 1898 quae
680 1842 817 1900 agebantur,
841 1854 884 1884 cu-

33 1939 80 1969 ram
98 1923 189 1976 hahuit,
213 1922 327 1966 decretum
350 1922 378 1966 de
395 1928 491 1979 peccato
515 1923 618 1982 originali
636 1925 665 1966 ita
686 1924 844 1978 concinnavit,
862 1924 888 1964 nl

30 2003 146 2047 liberrimo
162 2002 327 2058 reliupucrctru·
345 2002 436 2045 licentio
456 2002 545 2058 quiduis
561 2002 671 2058 opinandi
686 2003 713 2045 de
726 2005 821 2058 peccalo
838 2002 888 2044 ori-

28 2084 94 2142 pium.
127 2082 204 2140 Neque
219 2094 274 2125 vero
292 2080 406 2125 decretum
422 2080 475 2125 illud
491 2080 611 2139 quirlquam
627 2082 741 2137 continet,
765 2082 824 2139 quod
841 2082 886 2125 do-

8 2210 9 2215 ,
31 2148 117 2208 ctrinac
138 2176 157 2211 s,
182 2160 318 2220 Arrpustiul,
344 2161 406 2206 Petri
420 2161 559 2218 concurrit,
581 2174 599 2207 s.
622 2160 797 2206 Bonoocuturuc
815 2166 837 2206 et
855 2167 888 2206 tot

73 2354 92 2405 l)
108 2354 167 2391 Nolle
187 2355 302 2389 montovalo
318 2348 439 2386 diffinitioni
459 2349 465 2384 i
487 2347 543 2384 Padri
564 2344 642 2385 lrelrber
664 2347 746 2397 guardia
767 2348 886 2385 d'astenersi

112 2427 171 2460 allato
187 2423 240 2472 dagli
255 2420 334 2457 articcli
353 2417 464 2468 superflui,
485 2417 528 2454 cine
551 2418 576 2454 da
592 2418 657 2468 quelli
679 2418 715 2454 che
736 2432 772 2455 sorr
793 2420 889 2457 dubbiosi

111 2495 140 2531 l'rri
154 2493 257 2531 teScuote
269 2489 383 2535 cattoliclre,
396 2488 502 2539 perciocire
517 2488 532 2524 il
550 2495 619 2525 tenere
633 2502 645 2525 o
662 2490 714 2525 tuna
725 2504 736 2526 ο
752 2490 816 2526 l'altra
832 2498 888 2540 parto

112 2577 153 2601 non
169 2563 265 2600 inclriude
280 2560 413 2598 misere-donce
428 2565 498 2596 contra
513 2558 567 2595 delle
581 2560 689 2604 scrittrrre,
703 2559 734 2595 de'
747 2562 822 2609 passati
836 2561 891 2598 Con-

113 2636 156 2675 cilii
171 2648 181 2672 e
196 2633 250 2671 delle
265 2638 363 2683 perpetue
373 2630 499 2668 'i'radizioni2
516 2630 569 2668 onde
584 2643 672 2680 possano
687 2644 730 2668 esse
744 2633 834 2668 insciarsi
849 2634 890 2668 atla

114 2707 185 2745 liberti
203 2704 256 2752 degli
277 2703 374 2739 intelletti
396 2713 454 2737 senza
473 2702 592 2738 irrtverenza
610 2702 650 2736 alla
667 2701 782 2738 rivelazioni
802 2703 822 2739 di
844 2704 891 2745 Dio,

113 2790 198 2815 osenna
220 2774 341 2812 detrimento
361 2771 407 2807 dell’
425 2772 497 2808 anime.
532 2772 547 2808 E
563 2771 629 2820 percio
647 2771 654 2807 i
669 2772 738 2820 Legati
754 2773 888 2822 ripugnnrano

115 2860 217 2899 sempron
235 2846 280 2882 farsi
295 2843 375 2880 decreto
393 2855 452 2892 sopra
471 2842 490 2879 la
507 2842 618 2880 Conrezion
634 2839 688 2876 della
701 2842 800 2891 Vergine:
824 2856 834 2879 e
849 2857 892 2880 nm-

117 2920 223 2957 mouirono
236 2915 273 2953 clre
289 2927 330 2952 non
347 2914 452 2951 s'enuasse
473 2927 483 2950 rr
498 2914 568 2951 statuis
586 2911 712 2948 ‹tit'nnnione
735 2926 793 2963 sopra
808 2914 829 2950 la
843 2917 892 2968 qui-

115 2993 160 3031 alirn
174 2990 208 3029 det
222 2996 306 3041 peccato
322 2985 442 3036 originale,
466 2983 485 3021 di
506 2984 542 3022 cire
563 2984 589 3031 gtt
604 2982 708 3019 Scotasrici
734 2997 783 3020 sono
798 2985 893 3024 discordi:

117 3062 231 3113 irnperoclre
246 3059 261 3094 it
276 3056 367 3093 Concilio
381 3068 422 3092 non
438 3057 485 3092 s'ern
501 3055 588 3090 adunato
604 3066 640 3104 per
650 3053 743 3090 deridere
759 3055 778 3091 le
793 3058 892 3107 opinioni,

82 3145 85 3149 '
118 3148 148 3171 rna
170 3146 206 3184 per
228 3128 316 3168 recidere
338 3127 363 3176 gli
380 3129 448 3164 errori.
486 3125 605 3164 Pallnvirino
626 3125 687 3160 Storin
708 3125 741 3161 del
761 3128 853 3166 Concilio
872 3130 894 3165 di

118 3207 195 3243 Treuto
211 3205 247 3241 lili.
263 3203 280 3239 7λ
294 3212 336 3250 rap.
355 3199 385 3235 td,

710 3279 742 3328 19
