1979 3399
405 82 587 130 ..57-

74 219 166 264 ctabilia
177 219 199 264 in
213 224 272 266 terra
283 224 340 278 sunt,
356 222 493 267 uoluntatem
507 234 579 266 meam
597 219 625 265 ad
642 232 668 264 sc
686 217 779 276 allicere
794 216 885 261 student
901 245 931 252 -

71 300 112 358 ab,
137 306 255 360 postquam
275 303 347 347 Deum
365 304 478 362 cognorit
505 330 534 336 —
551 307 575 347 ut
591 315 632 361 pro
650 299 746 345 veritate
763 298 876 357 speciem,
890 310 933 354 pro

72 393 150 424 amore
167 381 279 427 fastidium
298 381 410 439 adoptem.
442 381 559 427 Subiiccro
574 395 625 438 me,
647 393 713 438 quem
739 378 795 423 fides
818 378 933 435 liberavit,

73 467 167 507 conatur
183 467 263 507 natura
278 461 347 505 modo
364 461 498 518 alliciendo,
514 461 582 505 modo
608 459 759 517 deterrendo,
779 462 859 502 natura
882 457 933 515 ista,

72 542 188 599 quaesita
206 546 241 587 est
258 540 316 586 infra
332 531 403 598 perles
420 552 491 585 meos.
522 540 572 585 Non
588 540 645 585 baec
660 554 735 599 pugna
751 544 792 585 est.
808 527 811 532 ’
825 539 934 583 'lantum-

73 620 142 665 modo
162 620 299 665 desiderium
316 619 357 677 tui,
375 632 388 664 o
403 620 473 676 Dens,
488 623 512 663 ut
526 620 648 664 sustineam
666 619 747 665 adiuva
766 632 802 664 me
811 620 830 666 1ις

384 758 615 768 —-.—---——-—

132 842 214 888 Nonne
229 843 302 902 pudor
318 843 448 895 Perronium
464 842 593 903 pertundit,
610 843 630 887 si
648 841 706 885 baec
722 841 812 900 legerit,
827 843 933 897 propter-

72 937 99 968 ea
118 923 178 981 quod
195 924 334 969 Hermesium
352 929 456 983 tanquam
471 912 589 982 religionis
607 923 720 967 inimicum
738 923 762 966 111
782 920 934 978 suspicionem

73 1004 185 1048 adduxit?
210 1005 266 1049 Num
291 1007 407 1063 qnisquam
433 1004 572 1049 Christianus
593 1003 718 1047 nobiliores
740 1003 808 1047 animi
831 1000 935 1059 religiosi

73 1083 246 1143 commotiones,
261 1085 372 1130 nobiliora
389 1097 459 1130 sensa
474 1084 600 1142 exprimere
615 1087 697 1142 potest,
715 1096 780 1141 quam
799 1081 836 1126 hic
852 1080 935 1125 lactum

73 1163 194 1217 villamus?
629 1210 631 1214 ,
859 1169 862 1174 ’

134 1242 181 1288 Sed
194 1244 237 1288 alia
253 1245 319 1288 ctiam
336 1243 485 1302 proferemus,
504 1243 582 1300 quibus
598 1241 733 1300 probemus,
751 1255 816 1300 quam
833 1239 935 1299 grauiter

72 1322 200 1381 Perronius,
217 1337 306 1383 quoquo
319 1325 413 1384 gradum
431 1326 542 1382 rnorerit,
561 1322 584 1367 in
600 1321 712 1366 llermesii
723 1321 860 1376 ,memoriam
877 1310 934 1377 pec-

73 1403 165 1446 caverit.
198 1404 309 1448 Hermesii
320 1418 366 1449 rex
375 1406 441 1449 nimis
457 1405 570 1449 imbecilla
586 1404 634 1460 suit,
652 1417 717 1461 qnam
735 1409 758 1447 111
774 1399 933 1446 concionando

72 1482 163 1525 multum
180 1482 291 1541 proficere
308 1488 391 1541 posset.
424 1483 482 1528 llinc
497 1496 549 1528 raro
566 1487 650 1527 tantum
662 1496 703 1540 per
713 1484 780 1527 vitam
796 1481 933 1525 concionem

71 1560 155 1605 babuit.
202 1563 272 1608 Unam
297 1568 372 1608 tanren
396 1576 473 1608 earum
497 1542 645 1620 concionum,
670 1575 725 1620 quas
748 1560 886 1620 prol'essoris
909 1560 933 1603 in

72 1641 191 1700 gprnnasio
209 1655 302 1687 munere
319 1643 424 1702 fungens,
440 1644 464 1687 in
481 1643 579 1688 ecclesia
595 1642 649 1701 pagi
671 1641 728 1685 illius
744 1642 782 1685 ubi
795 1643 861 1684 natus
874 1642 933 1694 crat,

59 1721 101 1774 ,ad
124 1726 213 1766 coetum
236 1722 387 1780 agricolarum
410 1722 499 1778 babuit,
521 1721 559 1766 bie
583 1721 746 1779 evrdgabimus.
784 1714 877 1764 blonere
893 1720 932 1763 rix

73 1814 129 1860 opus
147 1802 204 1859 erit,
228 1789 368 1847 Hermesium
384 1816 497 1861 nunqnam
515 1807 675 1860 exspectasse,
693 1801 742 1846 lore
758 1805 782 1844 ut
798 1799 856 1843 baec
874 1811 934 1842 cen-

73 1883 109 1926 cio
127 1881 247 1939 ederetur,
268 1895 363 1940 eamque
385 1896 398 1926 a
419 1882 487 1926 nobis
504 1881 548 1926 hoc
559 1895 608 1926 uno
625 1882 724 1929 ,consilio
743 1894 793 1925 eum
808 1878 932 1924 lectoribus

71 1962 246 2017 communicari,
268 1966 293 2006 ut
313 1962 431 2007 Hermesio
457 1962 589 2021 religiosum
611 1963 709 2006 animum
725 1974 738 2005 a
755 1961 863 2006 Perronio
881 1961 933 2019 qui-

72 2042 122 2085 dem
143 2042 164 2084 ei
185 2040 335 2084 abiudicatum
357 2041 510 2096 vindicemus,
535 2055 661 2101 quanquam
685 2042 742 2086 baec
766 2043 848 2086 concio
866 2041 933 2086 etiam

71 2131 152 2177 perse
168 2124 269 2177 spectata
286 2133 332 2163 non
350 2121 422 2163 minus
441 2120 509 2178 digna
527 2125 569 2176 cst,
588 2133 645 2178 quac
658 2121 783 2177 evulgetur,
796 2134 861 2177 quam
872 2122 932 2165 mul-

71 2205 108 2244 tae
124 2199 190 2258 aliae,
208 2189 265 2258 quae
281 2199 365 2243 nostris
382 2198 460 2243 diebus
478 2198 620 2243 celebrantur
638 2204 660 2242 et
680 2199 871 2244 commendantur.

370 2334 463 2382 Ueneto
488 2334 628 2383 Puscbutte.

86 2443 148 2489 lanta
166 2448 262 2490 textum:
287 2445 415 2505 Expurgate
427 2450 496 2493 ,vetus
513 2445 661 2505 termentum,
683 2450 708 2491 111
730 2447 777 2494 sitis
793 2458 853 2492 nora
871 2457 930 2491 con-

290 2527 378 2583 spersio
396 2555 408 2563 -
425 2555 439 2563 -
455 2555 469 2563 -
486 2529 568 2573 etenim
586 2527 670 2586 pascha
688 2533 788 2574 nostrum
805 2527 931 2574 immolatus

289 2609 324 2648 est
340 2605 447 2650 Christus.
738 2608 754 2652 l.
768 2608 820 2653 Cor.
838 2609 860 2651 5.
877 2608 900 2650 7.

134 2700 304 2760 „Unusquisque
317 2710 426 2760 nostrum,
442 2706 552 2750 carissimi
568 2706 656 2762 fratres,
674 2707 785 2752 hodierno
803 2707 839 2751 die
852 2698 929 2750 sanetai

71 2780 155 2824 laetitia
166 2780 313 2838 perfunditur.
337 2785 409 2830 Causa
423 2786 488 2831 buius
497 2786 596 2831 laetitiae
606 2791 641 2829 cst
651 2787 746 2832 historia
757 2786 930 2831 resurrectionis

71 2860 219 2917 redemptoris
235 2863 307 2906 nostri
320 2896 327 2919 ,
342 2877 399 2922 quae
415 2866 504 2922 quidem
520 2867 656 2911 resrnrectio
669 2865 822 2925 duodeviginti
837 2867 930 2911 saecula

72 2943 132 2995 ante,
139 2940 301 2999 Hierosolymis
311 2941 380 2989 bodie
389 2946 471 2990 evenit.
489 2945 554 2999 Quod
563 2946 663 2991 Christus
672 2946 745 2990 victor
753 2944 860 3004 malitiae,
872 2959 930 3005 quae

71 3022 94 3061 et
107 3018 203 3065 ludaeos
215 3025 238 3064 ct
253 3022 349 3079 gentiles
361 3025 384 3069 in
401 3026 449 3070 eius
463 3026 586 3084 perniciem
598 3026 736 3080 sociaverat,
751 3024 825 3083 gloria
836 3033 929 3074 ornatus

71 3108 101 3140 ex
118 3100 221 3156 sepulcro
238 3109 374 3160 surrexerat,
393 3104 453 3163 quod
467 3119 495 3149 ea
513 3120 538 3150 re
550 3085 577 3150 ‘nt
594 3118 670 3148 verum
687 3104 730 3148 Dei
747 3105 814 3152 filium
831 3122 857 3153 se
875 3122 929 3153 cer-

71 3175 156 3224 tissime
172 3182 314 3239 probaverat,
331 3182 355 3228 id
370 3189 424 3231 tunc
440 3186 543 3244 discipuli
561 3185 608 3229 cius
625 3183 703 3230 laetati
720 3192 787 3246 sunt,
804 3188 828 3233 id
846 3202 875 3233 en
891 3189 928 3234 illo
