1979 3399
66 195 233 255 exscripsimus.
265 197 346 261 Agitur
361 197 390 244 de
405 199 441 243 ria
462 214 489 244 ac
505 200 601 257 ratione,
618 211 661 258 qna
672 198 700 243 ad
711 198 834 257 perlectam
845 199 923 244 scien-

66 278 119 322 tiam
144 277 295 338 theologicam
320 281 472 338 perveniatur.
489 282 589 340 -Agitur
615 282 645 326 de
668 280 751 338 modo,
773 294 817 339 quo
839 282 922 327 institui

67 364 171 417 oporteat
185 373 231 405 non
249 360 421 418 multitudinem,
437 374 484 405 non
500 362 587 420 vulgus,
603 363 645 407 sed
661 375 702 407 eos
717 362 829 421 homines,
845 365 882 422 qui
899 365 922 409 in

67 438 218 484 dubitationes
240 438 377 496 inciderint,
396 451 437 484 eos
455 440 520 484 etiam
543 468 573 475 -
599 446 621 485 et
637 442 664 489 de
677 445 713 490 bis
731 445 828 490 maxime
845 458 922 490 sermo

66 523 100 564 est
116 544 154 577 -,
170 519 208 577 qui
223 503 343 578 aliquando
355 517 423 564 futuri
446 519 490 564 sint
505 520 621 579 religionis
635 528 743 585 magistri.
774 527 852 572 lilonet
863 527 923 572 Her-

66 600 165 656 mesiuS,
181 611 258 644 eoram
273 588 322 645 istis
339 612 386 644 iton
402 600 496 646 celanda
513 615 564 647 esse
581 615 617 659 ea,
632 618 690 662 quae
708 608 867 654 dubitationem
884 610 923 654 in-

66 681 163 725 iecerint
177 685 214 725 aut
228 680 323 725 iniicere
341 682 440 740 possint,
456 682 498 727 sed
516 684 539 728 in
554 683 651 728 medium
665 686 809 745 proterenda,
824 695 848 733 ut
865 691 924 735 ado-

67 761 181 806 lescentes
202 760 324 806 litterarum
345 759 440 806 studiosi
461 761 490 806 nd
511 763 704 822 perserutandum,
722 767 749 810 ad
767 768 925 825 perfectiorem

69 842 200 901 sciendam,
222 856 279 901 iprae
301 846 392 901 superat
415 842 580 901 dubitationes,
594 844 694 890 studiose
711 848 862 905 quaerendam
878 851 925 894 im-

70 921 199 996 pellantur,
209 928 248 981 ut,
270 936 336 982 quum
353 924 391 967 tali
410 924 505 968 scientia
522 924 610 969 demum
626 925 703 973 imbuti
719 928 817 988 fuerint,
838 931 926 991 possint

70 1011 173 1056 omnibus
190 1013 301 1056 rationein
316 1010 420 1066 reddere,
438 1009 589 1055 dubitantibus
604 1010 761 1069 respondere,
777 1024 827 1056 curn
841 1011 926 1058 adrer-

69 1094 135 1138 sariis
155 1094 178 1137 in
200 1105 292 1137 arenam
315 1091 473 1150 descendere,
496 1090 629 1150 religionem
652 1091 740 1137 idoneis
766 1093 834 1136 armis
859 1097 924 1137 tueri,

69 1174 115 1221 Sed
129 1174 204 1232 plaeet
218 1166 292 1218 locum
309 1174 380 1232 ipsum
398 1172 471 1218 denuo
490 1186 611 1232 apponere,
629 1179 652 1218 et
665 1176 695 1219 ita
707 1173 803 1238 quitlm,
817 1179 843 1219 ut
855 1174 926 1220 rerba

70 1255 149 1310 litteris
167 1255 263 1300 cursivis
286 1259 324 1300 aut
343 1254 471 1299 maiusculis
490 1268 503 1298 a
521 1255 630 1299 Perronio
654 1256 737 1313 scripta
760 1255 926 1301 eodemmodo

71 1335 230 1395 significemus.
263 1333 375 1393 Quidquid
392 1336 457 1380 urticis
473 1335 581 1380 inclusum
599 1340 646 1392 est,
668 1335 691 1380 id
707 1335 828 1380 Perronius
844 1332 925 1381 omisit.

71 1416 201 1462 llerrnesius
217 1416 284 1475 igitur
299 1420 416 1474 postcpram
434 1419 631 1474 cornrnemorarit,
649 1428 674 1460 se
690 1416 723 1460 eis
730 1420 744 1470 ,’
757 1416 836 1473 quibus
852 1397 925 1460 sirnde

69 1497 184 1556 ingenium
201 1495 272 1540 simile
289 1495 424 1540 desiderIum
438 1496 551 1552 indiderit,
569 1497 626 1540 velle
641 1496 711 1541 libros
729 1509 783 1540 suos
800 1509 926 1542 conseera-

72 1581 107 1620 tos
125 1588 193 1632 esse,
214 1581 237 1620 et
256 1576 352 1619 inanitae
370 1577 404 1619 eis
418 1576 580 1632 eonsecratos,
604 1577 641 1634 qui
657 1576 707 1620 olim
725 1576 795 1634 ipsius
811 1577 925 1622 auditores

6 1669 33 1701 t·
71 1656 179 1713 fuissent,
197 1657 229 1700 sie
246 1657 334 1714 pergit:
352 1657 435 1714 „Spero
455 1669 490 1700 me
512 1658 536 1700 in
557 1656 591 1700 liis
614 1657 686 1700 sirruile
702 1657 837 1701 [desiderium
860 1663 927 1715 utque

71 1738 127 1782 illud
142 1735 202 1795 grand
217 1741 268 1780 erut
283 1737 307 1779 io
323 1750 365 1789 rue,
382 1764 413 1771 —
429 1752 461 1784 un
477 1738 576 1798 bisogno
593 1738 674 1785 sirtille
691 1738 773 1785 olnrlo
785 1766 822 1796 —‚
841 1740 861 1783 si
878 1752 925 1784 non

72 1820 116 1863 iam
132 1821 311 1876 apportaverunt,
330 1817 477 1873 extimuisse,
500 1822 532 1872 [et
547 1819 613 1876 cupio
627 1819 668 1873 eis,
686 1822 709 1861 ut
726 1818 839 1862 desiderio
856 1821 926 1864 satis-

72 1900 117 1955 fiat,
133 1898 282 1943 adiumentum
297 1897 378 1943 afferre
394 1898 483 1956 scriptis
502 1899 566 1955 meis,
583 1899 646 1957 siqua
661 1899 684 1942 in
701 1904 763 1956 parte
779 1899 862 1944 iactum
878 1913 925 1945 non

74 1979 140 2023 luerit
156 1983 236 2035 ore1]]
255 1978 301 2022 -Ne
325 1978 375 2037 quis
399 1977 483 2022 iudicet
502 1990 632 2035 perversum
655 1992 722 2035 esse,
739 1978 869 2035 desiderio,
891 1981 928 2025 eet

74 2060 134 2116 pared
154 2059 196 2104 ltoc
216 2060 265 2103 loeo
282 2059 340 2102 ittera
354 2059 426 2115 ardet,
449 2058 498 2102 Du
511 2058 524 2101 b
537 2058 725 2102 r'tntiortes
742 2086 771 2092 κ
787 2059 896 2119 disopnt,
912 2076 927 2106 o

74 2154 120 2202 pet·
136 2141 201 2187 dtrlo
216 2140 256 2186 eol
273 2154 333 2185 pero
348 2153 422 2186 senso
438 2138 504 2185 della
519 2138 615 2198 parole,
629 2138 654 2185 D
664 2138 747 2193 ubdzf
764 2165 793 2171 —
818 2139 928 2198 excitare,

76 2261 294 2272 ..m-W

129 2327 149 2381 t)
164 2326 276 2364 Hermesins
293 2325 354 2373 igitur
367 2336 408 2360 uon
424 2323 488 2360 vobrit
502 2329 579 2360 tentum
604 2325 695 2362 excitare
710 2324 810 2361 desideria
825 2326 928 2376 (bisogni),

155 2400 191 2436 sed
206 2397 365 2435 excitatisetinm
374 2396 501 2446 satisfacere.
530 2394 575 2431 Non
586 2395 606 2431 id
620 2409 681 2431 unium
693 2396 773 2433 el'iicere
787 2397 859 2441 voluit,
874 2398 929 2448 quod

155 2471 231 2522 optime
246 2468 318 2506 suadet
331 2467 442 2513 Carlesius,
465 2474 486 2503 ut
501 2467 603 2504 auditores
625 2468 724 2506 discerent
746 2468 849 2514 dubitare,
867 2476 929 2520 atque

156 2544 194 2580 hoc
209 2542 269 2579 modo
285 2542 366 2586 sentire,
380 2552 439 2590 qutun
453 2538 568 2587 indigerent
583 2540 651 2576 altiori
666 2541 763 2585 scientia,
778 2540 814 2576 sed
829 2541 888 2577 etiam
903 2542 929 2577 il-

156 2614 193 2651 lud
206 2618 304 2665 sequutus
320 2618 350 2649 est
368 2617 429 2661 atque
445 2623 469 2647 eo
485 2611 585 2662 impendit
601 2616 682 2661 operam
700 2626 768 2658 surani,
786 2620 809 2650 nt
828 2613 929 2650 discerent

156 2684 233 2724 solvere
253 2683 390 2720 (luibitationes
409 2688 430 2719 et
450 2681 580 2719 difficultates
598 2677 711 2733 quamlibet
727 2685 810 2729 meritas,
828 2690 849 2720 ut
863 2683 928 2719 disce-

158 2762 203 2794 rent
223 2755 302 2791 felicem
323 2767 348 2791 cx
363 2755 387 2791 iis
402 2756 476 2790 exilum
490 2754 529 2804 ipsi
544 2755 648 2798 invenire,
669 2760 692 2790 nt
706 2753 743 2790 hnc
759 2755 849 2795 ratione,
864 2766 930 2802 -qnnm

158 2834 218 2864 antea
239 2825 302 2861 animi
324 2836 391 2861 eorum
409 2826 450 2862 sive
467 2826 553 2862 miiitum
574 2825 615 2862 sive
637 2837 706 2874 parum
728 2825 819 2860 courmoti
837 2824 929 2866 fuissent,

159 2910 202 2934 eam
217 2896 256 2933 sibi
269 2902 364 2944 pararent
377 2897 511 2940 securitatem,
525 2908 577 2946 quae
590 2896 693 2931 severioris
710 2894 770 2931 studii
785 2899 805 2929 et
819 2894 930 2943 perlectio-

146 2971 184 3005 -ris
207 2968 301 3006 scientiae
318 2968 473 3019 pretiosissimus
492 2969 567 3005 tructus
586 2974 619 3004 est.
650 2966 689 3002 Cur
706 2965 811 3001 Petronius
830 2964 851 3001 id
866 2979 928 3003 unum

110 3049 113 3054 ·
159 3043 306 3083 commemorat,
321 3037 445 3074 Herrnesium
460 3039 548 3075 voluisse
563 3038 647 3075 excitare
663 3034 774 3071 desideria?
791 3047 831 3081 cnr
841 3037 934 3083 alterum,

144 3129 146 3135 .
160 3110 214 3161 quod
229 3108 350 3157 adiungitur,
365 3109 463 3158 qnodque
477 3121 546 3146 verum·
563 3110 621 3146 linem
636 3106 739 3143 llcrurcsio
754 3107 879 3159 propositum
895 3108 931 3145 de.

161 3180 229 3227 clarat,
243 3180 324 3219 silentio
338 3178 495 3229 praetermittit?
