1979 3399
434 68 615 118 „mm¹

95 210 162 254 ctiam
179 223 191 254 a
211 208 287 267 specie
300 208 455 264 simulationis,
472 221 522 253 eum
537 209 560 253 id
577 206 674 253 candide
690 215 811 266 promeret,
831 210 890 268 quod
909 214 953 254 turn

94 289 162 334 facilc
178 295 227 334 erat
245 289 366 348 opperire?
385 286 414 331 Et
431 289 482 346 quis
500 301 598 347 unquam
614 301 633 333 s.
645 288 793 347 Augustinum
810 291 954 348 reprehendit

94 374 229 430 propterea,
254 368 313 427 quod
335 366 499 414 Confessiones
515 369 606 428 scripsit
622 370 645 414 in
668 369 740 427 iisque
757 381 803 417 res
813 368 954 424 irrernoravit,

95 462 153 508 quae
168 448 236 493 narlto
253 448 339 493 facilius
357 448 479 495 offensioni
500 463 552 496 esse
575 455 682 510 possunt,
704 443 769 508 quam
794 462 821 494 ea
839 449 955 504 dalmatio,

96 530 125 575 de
141 542 184 587 qua
201 529 289 572 locutus
306 531 341 573 cst
357 529 506 576 llennesius?
526 532 653 589 Scriptores
669 531 753 575 ueteris
767 530 865 587 novique
875 530 956 573 'lesta-

93 612 180 667 menti,
206 611 244 667 qui
262 608 319 653 duce
342 610 424 669 Spiritu
446 617 524 657 sancto
549 613 698 670 scripserunt,
720 609 789 655 multo
811 608 956 654 candidiores

93 692 184 737 fuerunt
198 702 265 749 quam
281 703 332 747 vos,
349 703 397 736 non
415 706 442 738 ea
460 698 594 738 curaverunt
611 706 669 752 quae
684 705 725 737 ros
744 692 767 735 iu
778 690 896 734 Herincsio
914 689 957 732 de-

95 773 209 818 sideratis.
242 771 307 815 Unde
326 785 368 817 ros
393 773 436 818 nisi
460 787 489 817 en
512 786 578 817 sacra
594 773 708 830 Scriptura
727 772 864 830 accepistis,
886 769 957 815 luisse

93 855 341 909 Aa1·onem,sumnrum
358 852 509 910 sacerdotem,
526 852 563 912 qui
582 851 689 899 Israelitis
706 864 797 895 aureum
813 850 904 894 vitulum
914 862 958 907 pa-

94 934 176 979 raret?
210 931 275 977 Unde
296 932 341 976 nisi
361 931 489 976 testimonio
512 932 577 976 trium
602 931 798 990 Evaiigelistarum
824 928 959 982 resciristis,

96 1015 167 1059 fuisse
180 1014 275 1070 Pehum,
294 1014 331 1071 qui
344 1012 463 1057 Dornimun
480 1017 514 1057 ter
529 1012 674 1071 abnegaret?
696 1011 761 1057 Unde
777 1010 820 1060 nisi
835 1020 913 1054 rursus
930 1020 959 1053 ex

95 1093 219 1152 Evangelio
236 1093 302 1138 uobis
319 1096 458 1151 compertum
477 1097 524 1150 est,
550 1093 656 1137 Thomam
673 1093 810 1137 dubitavisse
827 1090 855 1136 de
870 1089 960 1137 Domini

95 1174 281 1219 resurrectione?

160 1252 240 1297 Nonne
264 1251 308 1296 hac
330 1255 406 1296 vestra
424 1253 570 1296 accusatione
593 1252 726 1310 ostenditis,
742 1263 785 1296 vos
801 1253 885 1295 attento
900 1261 961 1293 urin-

98 1331 268 1389 quamlegisse
294 1331 317 1374 in
340 1330 412 1376 sacris
429 1332 565 1389 Scripturis‘l
590 1333 645 1377 Nam
663 1332 745 1390 alioqui
762 1330 874 1389 quomodo
891 1330 961 1373 latere

96 1423 139 1455 vos
155 1412 235 1469 poluit⁷
251 1409 311 1455 illam
330 1411 453 1468 ingenuam
471 1410 611 1469 libertatem,
628 1424 685 1470 quae
700 1411 754 1456 nihil
772 1411 909 1468 illssiuiulat,
924 1409 963 1453 ni-

97 1490 126 1534 hil
142 1490 258 1546 subornat,
276 1493 301 1534 ut
316 1489 393 1534 facere
405 1488 480 1534 solent
491 1490 565 1535 malae
582 1503 665 1537 causae
682 1491 779 1550 patroni,
796 1502 898 1550 quaeque
916 1501 962 1532 non

97 1571 142 1613 nisi
157 1571 180 1613 in
197 1569 298 1613 veritatis
323 1569 429 1614 cornitatu
451 1571 576 1627 reperitur,
591 1582 665 1627 paene
683 1572 707 1615 in
729 1572 808 1628 quavis
824 1572 907 1629 pagina
923 1583 963 1615 sa-

100 1663 152 1693 crae
175 1649 305 1706 Scripturae
327 1648 406 1693 mirum
428 1648 453 1692 in
476 1648 566 1694 modum
590 1650 735 1707 conspicuam
752 1650 818 1694 lieri?
850 1649 878 1693 Et
898 1662 962 1708 quum
988 1686 989 1689 ,

98 1743 177 1788 parum
186 1743 228 1774 uos
239 1730 354 1788 ingenium
368 1730 523 1786 rationemque
536 1730 653 1774 doctrinae
671 1729 806 1774 christianae
817 1730 961 1788 perspexisse

101 1810 209 1854 credibile
228 1810 274 1855 est!
301 1810 357 1855 Num
381 1809 505 1868 ignoratis,
529 1809 620 1853 uenisse
644 1808 769 1865 Christum,
795 1812 819 1853 ut
841 1814 960 1867 qrrirmurct

100 1890 288 1949 quodperditum
307 1890 386 1934 esset?
411 1890 467 1934 Num
484 1890 606 1948 ignoratis,
623 1890 733 1933 Clnistum
744 1901 796 1933 esse
814 1891 851 1952 qui
870 1889 959 1945 dixerit,

100 1982 148 2014 non
171 1969 258 2015 validus
282 1968 324 2013 secl
349 1973 455 2028 aegrotus
473 1969 562 2019 medico
586 1970 660 2028 eget?
687 1968 746 2021 Quid
764 1968 829 2012 heret
848 1968 875 2012 de
894 1982 959 2021 saera

101 2050 224 2108 scriptura,
241 2049 261 2093 si
279 2053 363 2093 tantum
380 2048 495 2106 perlectae
510 2050 598 2094 virtutis
615 2054 638 2093 et
654 2031 778 2093 sanctitatis
795 2048 896 2107 exerupla
914 2062 959 2093 no-

100 2130 134 2174 bis
151 2133 301 2187 proponeret,
323 2128 346 2172 in
364 2130 445 2186 rprihus
467 2141 496 2173 ne
512 2130 590 2174 urirbra
608 2130 697 2189 quidem
712 2129 823 2174 humanae
839 2130 959 2173 imbecilli·
979 2114 982 2119 ’

100 2210 152 2254 tatis
175 2213 197 2253 et
219 2207 321 2253 delectus
340 2207 479 2266 deprehendi
495 2192 586 2268 possetl
617 2209 701 2254 Omnes
722 2210 830 2254 continuo
847 2210 959 2267 qui-hanc

102 2297 170 2332 suani
181 2287 354 2331 imbecillitatem
370 2289 468 2332 sentiunt
484 2293 521 2332 aut
536 2288 672 2332 uolimtatem
690 2300 761 2344 prope
778 2288 872 2332 fractam
889 2294 911 2332 et
930 2290 958 2333 ad

101 2367 221 2412 inhonesta
237 2366 303 2410 valde
318 2366 440 2425 proclivem
455 2369 544 2425 geranit,
562 2366 672 2410 eiusmodi
689 2367 796 2424 exemplis
808 2381 854 2413 raon
870 2370 898 2413 ad
916 2383 958 2415 ae-

101 2447 245 2498 mulationem
267 2446 434 2502 excitarentur,
456 2447 523 2490 immo
544 2446 611 2491 niniis
635 2445 700 2490 iacile
728 2449 825 2492 animum
848 2454 871 2494 et
895 2463 957 2508 spem

103 2539 191 2571 omnem
218 2526 331 2582 deponere
339 2530 362 2569 rt.
401 2525 475 2584 Atque
497 2525 540 2569 hac
566 2526 614 2583 ipsa
637 2526 665 2571 de
688 2538 755 2571 causa
777 2530 890 2586 professio
913 2531 958 2588 illa,

102 2621 146 2665 qua
167 2604 296 2650 Hennesius
321 2618 346 2649 se
371 2605 484 2649 dubitasse
505 2607 588 2663 aperit,
611 2606 698 2664 plurimi
715 2607 820 2653 facienda
839 2616 879 2655 cst.
912 2611 958 2656 Iam

101 2688 161 2733 enim
177 2686 226 2731 cius
244 2685 329 2728 rerba:
349 2691 433 2729 certum
451 2685 504 2729 racilii
518 2686 603 2744 suebum
620 2692 667 2744 est,
686 2687 758 2732 Derim
781 2702 846 2742 csse,·
873 2695 959 2736 ccrhuu

102 2767 156 2811 racilii
170 2771 205 2810 esi
221 2778 357 2822 satraparum
372 2748 534 2821 sictriruuccssc
545 2765 697 2820 albicantium
713 2767 796 2813 cerium
812 2770 873 2825 racilii,
890 2771 958 2816 Clari·-

102 2847 242 2892 stiouismum
259 2844 359 2889 [liciatum.
377 2855 427 2886 essa
445 2841 619 2898 recelutioucm,
640 2850 660 2890 et
676 2847 866 2894 Cicilcalicisnuuu
879 2863 959 2895 ceruum

104 2939 153 2970 csse
170 2925 364 2972 Ulcistionbounn
371 2936 380 2975 ς
404 2922 462 2965 haec
480 2923 550 2966 verba
566 2924 611 2968 iarn
628 2928 747 2986 ounribus,
764 2930 801 2988 qui
821 2931 849 2975 ilc
866 2933 958 2989 grauis-

106 3007 180 3061 simis,
199 3021 253 3064 quam
276 3008 344 3051 hoino
363 3016 456 3050 mouere
471 3008 561 3061 potest,
577 3008 744 3062 quaestiouibus
762 3011 843 3054 incerti
868 3024 958 3071 angun-

106 3091 141 3128 tur
166 3091 188 3128 et
211 3087 312 3133 molestis
339 3082 516 3131 dubitationibus
543 3083 634 3130 obnoxii
666 3094 732 3146 sinit,
761 3089 863 3136 solatium
889 3104 958 3150 prae-

105 3167 164 3221 hent,
181 3176 263 3209 notum
277 3167 373 3212 airimum
391 3165 488 3218 addunt,
505 3164 727 3228 tranquillitatemque
744 3171 811 3215 animi
830 3171 959 3229 conciliant,
