1979 3399
387 123 592 172 -rse-

134 261 183 308 Non
202 259 273 304 miuus
290 270 370 303 errore
391 259 526 304 constrictus
541 262 589 303 erut
606 256 724 316 (teutolus,
741 262 778 319 qui
796 266 848 306 tuno
863 273 923 305 nun-

69 343 113 388 tius
129 341 276 387 Vindobonue
294 345 348 384 crat.
384 340 440 385 Num
463 340 545 399 alioqui
564 339 754 385 susurrationibus
776 340 848 385 lurlrtt
863 341 923 388 ulio-

70 436 162 481 rumque
179 421 344 479 nonnullorum⁷
362 426 385 466 et
400 421 510 466 Hermcsii
532 425 555 466 et
579 421 732 480 cuiuscunque
748 421 865 466 doctrinae
881 422 923 467 ucl-

72 503 232 560 versu-torum,
248 517 314 549 aures
332 503 438 561 occupari
454 515 505 547 suns
521 515 567 546 nou
583 513 690 560 passurus
708 506 775 558 esset⁷
790 500 923 546 adBcutae-

68 586 165 629 nismum
182 584 384 629 commendandum
408 597 433 629 se
455 583 540 630 adduci
557 584 717 627 commissurus
739 596 786 627 uon
812 587 887 639 esset,
910 598 924 628 e

70 664 149 710 Iurlelo
165 666 188 709 in
204 666 282 711 litteris
298 666 392 711 Romam
407 664 520 710 mittendis
538 677 563 709 se
580 663 682 709 adiuvari
704 677 750 709 uon
772 677 923 709 concessurus

69 752 138 806 esset,
154 747 245 792 minime
262 752 335 792 nutem
354 749 450 792 onmium
467 758 600 805 responsum
616 745 717 807 theologi
732 746 924 804 vindobonensis,

69 829 111 873 viri
127 830 165 887 qui
183 828 311 879 beatissima
328 828 414 889 ingenii
430 833 465 873 est
479 828 598 885 ubertate,
614 827 744 873 Ercornrelis
765 827 849 887 Vcitluz'r',
865 828 924 887 quod

70 909 130 955 bene
148 910 292 972 benigneque
312 910 340 955 de
356 910 473 955 Herrnesio
497 908 624 967 referebat,
649 910 748 955 retinere
764 909 821 970 apud
838 923 863 955 se
881 910 924 955 de-

71 992 165 1037 buisset.
205 993 227 1038 Si
249 1006 381 1050 responsum
404 991 486 1036 Veitbii
507 991 600 1036 Remum
623 992 781 1050 peruenisset,
805 992 925 1038 Perronins

73 1078 135 1119 certe
154 1075 255 1119 scribere
277 1088 323 1120 uon
340 1074 425 1133 potuit,
447 1073 521 1118 oncino
538 1086 664 1133 responsu,
687 1088 744 1134 quue
762 1074 790 1120 de
808 1074 924 1122 llennesio

72 1155 165 1205 Romam
180 1158 248 1203 missu
266 1157 316 1214 siut,
334 1157 489 1202 consensisse!

132 1312 169 1360 Ad
187 1313 367 1358 constitutionem
384 1318 484 1358 nostram
499 1314 639 1358 revertimur.

133 1394 157 1438 ln
175 1401 195 1449 ᾗ.
217 1394 250 1438 ts.
270 1394 304 1438 Ν,
322 1394 386 1438 buius
399 1394 564 1439 constitutionis
580 1393 753 1453 praescribitur:

164 1473 225 1532 „Hoc
243 1488 331 1533 (proque
349 1474 467 1533 diligenter
484 1475 705 1520 animadvertendum
722 1485 851 1530 monman
867 1473 927 1520 baud

163 1559 250 1600 rectum
268 1555 373 1602 iudiciuin
397 1555 425 1599 de
441 1568 496 1601 uero
515 1557 612 1601 airctoris
629 1569 699 1602 sensu
713 1555 762 1600 fieri
778 1568 863 1614 posse,
881 1556 925 1600 uisi

167 1637 228 1681 omni
252 1648 281 1681 ex
302 1642 366 1694 perte
389 1636 447 1682 illius
468 1637 526 1682 liber
542 1637 642 1697 legntur3
667 1650 768 1697 qrraeque
790 1636 886 1681 diversis
903 1638 926 1681 iu

163 1717 222 1764 locis
239 1717 312 1775 positu
330 1722 352 1761 et
368 1717 478 1765 collocata
494 1721 560 1776 sunt,
577 1719 859 1776 intc1·secompar·entur;
874 1719 926 1763 uni-

168 1810 258 1843 versum
275 1802 392 1855 praeterea
409 1798 508 1844 auctoris
525 1797 680 1845 consiliumet
701 1798 822 1843 institutum
842 1803 926 1843 attente

168 1877 310 1937 dispiciatur3
332 1890 405 1936 neque
421 1890 477 1926 uero
495 1890 524 1924 ex
538 1891 597 1935 rina,
622 1878 659 1924 vel
680 1878 750 1925 ultera
771 1880 926 1939 propositione

165 1972 234 2006 usuc
252 1964 359 2007 contextu
371 1959 464 2017 diuulsa,
480 1959 516 2005 uel
532 1951 627 2008 seorsim
644 1959 672 2006 ab
689 1960 750 2017 aliis,
768 1973 826 2020 quoe
841 1962 864 2005 in
881 1974 926 2007 eo*

166 2039 216 2085 dem
238 2039 295 2087 libro
315 2042 468 2098 seminentur,
491 2042 634 2089 consideratu
660 2046 683 2086 et
707 2054 820 2101 expensa,
844 2042 872 2087 de
897 2056 926 2088 eo

164 2122 358 2183 pronunciandum
375 2136 436 2171 csse:
454 2136 523 2183 saepo
540 2124 599 2169 eninr
615 2122 705 2180 eccidit,
721 2128 744 2168 ut
761 2123 822 2184 quod
838 2124 865 2169 ab
883 2138 927 2171 au-

92 2242 95 2247 .
166 2208 229 2248 ctore
252 2204 274 2251 in
292 2204 366 2264 aliquo
387 2205 464 2262 operis
480 2204 532 2252 loco
548 2204 702 2266 perfunctorie
725 2210 762 2249 aut
787 2204 927 2251 subobscure

163 2284 268 2330 tradit-mn
283 2290 331 2341 est,
348 2287 380 2332 ite
397 2286 441 2333 alio
458 2286 483 2332 in
498 2285 551 2332 loco
567 2285 689 2342 distincte,
713 2285 806 2344 copiose
823 2299 850 2329 ac
867 2285 926 2330 dilu-

166 2366 217 2410 cide
234 2367 364 2425 explicetur,
379 2372 403 2412 ut
421 2367 507 2415 ullusne
521 2367 591 2429 priori
599 2367 725 2414 sententiae
740 2366 856 2423 tenebrae,
874 2367 927 2424 qui-

166 2444 208 2490 bus
224 2447 322 2493 involute
339 2449 403 2506 pruni
421 2448 616 2505 seusus'speciem
634 2447 761 2504 exhibebat,
773 2448 861 2506 penitus
877 2447 926 2493 dis-

165 2525 282 2586 pellnntur,
296 2527 414 2584 omnisque
431 2527 489 2574 labis
505 2540 586 2586 expers
602 2528 725 2587 propositio
742 2528 893 2589 dignoscetur.

199 2614 220 2663 p,
241 2606 276 2655 19.
293 2607 320 2654 V2
352 2606 455 2661 Quodsi
479 2608 582 2668 unibigua
606 2609 714 2668 <praedem
738 2610 863 2656 exciderint
884 2622 927 2655 au-

167 2690 241 2745 ctori,
266 2690 303 2749 qui
322 2689 421 2748 alioquin
444 2689 567 2737 catholicus
583 2692 626 2750 sit,
650 2696 672 2736 et
695 2693 783 2751 integro
809 2692 926 2751 religionis

166 2768 328 2831 doctrinaeque
345 2771 422 2829 lunio,
448 2773 549 2830 aequitas
570 2774 618 2831 ipsu
643 2773 756 2833 postulare
777 2773 881 2828 videtur,
902 2777 926 2817 ut

164 2850 213 2897 eius
230 2852 290 2898 diota
306 2853 416 2912 benigne,
432 2857 536 2914 pruritum
552 2855 647 2913 licuerit,
664 2855 790 2918 explicatu,
806 2855 829 2903 in
843 2855 926 2903 bonam

163 2938 249 2992 partem
265 2935 425 2998 accipientum

123 3087 159 3133 Ad
174 3088 219 3134 boc
240 3087 509 3149 praecepturnssenedictl
529 3090 580 3139 XlV
595 3090 691 3148 accedit⁴
705 3091 814 3149 profanae
830 3088 927 3147 antiqui„

70 3167 121 3213 tatis
138 3170 253 3226 gravitas,
269 3171 383 3230 cumipse
402 3170 483 3218 Cicet'e
501 3168 655 3229 consumor
672 3185 701 3220 ex
717 3171 811 3230 singulis
833 3169 928 3217 uocibus

71 3246 219 3309 philosophos
233 3251 369 3312 spectandos
386 3263 453 3310 esse,
470 3250 511 3298 sed
527 3265 555 3298 ex
571 3254 718 3316 perpetuitate
737 3258 805 3316 utque
819 3256 928 3301 constru-
