1979 3399
409 66 609 136 4171-

81 238 141 270 11111111
164 225 291 284 pontifice-m
318 220 464 277 Benedictum
481 220 531 265 XlV
557 221 740 279 incomparabilis
766 223 891 282 sapientiae
915 227 936 269 et

81 304 200 351 doctrinae
211 306 291 360 uirum,
303 316 356 348 esse
372 303 395 346 in
411 316 438 347 ea
450 302 568 358 sententia,
582 306 606 346 ut
617 306 685 360 putet,
694 300 826 348 relationem
838 305 866 349 de
879 307 938 351 lihro

82 386 111 432 ad
129 397 223 431 examen
244 388 326 429 vocato
349 381 435 429 homini
456 384 528 428 minus
547 388 598 441 apte
616 382 748 427 demandari
766 396 841 441 posse.
874 389 897 431 Si
913 387 936 431 id

80 472 153 526 potest-
168 466 231 524 heri,
251 466 300 524 quis
317 467 436 525 negaverit
452 478 520 525 posse
538 464 656 521 accidere,
678 470 701 510 ut
712 511 714 516 ,
725 478 806 524 reapse
822 466 874 511 liat!
890 468 936 512 tam

80 562 154 606 pone,
170 548 279 593 Perronio
308 561 403 593 examen
420 549 553 606 scriptorum
567 546 678 592 Hermesii
704 547 861 593 demandatum
878 561 936 592 esse.

79 655 110 664 -—
128 629 259 688 Quanquam
275 629 294 673 is
312 630 424 674 sermonis
441 628 560 673 Theodisci
575 628 640 686 plane
650 627 742 685 ignarus
753 631 795 683 est,
812 640 937 687 quanquam

78 710 243 769 philosophiam
254 709 404 755 theodiscam
419 723 464 754 non
478 709 549 768 magis
562 709 625 753 norit
639 721 704 766 quam
723 709 936 755 sermonern'lheo-

50 784 52 791 ⁴
83 791 185 848 discum,
209 804 336 851 quanquam
352 790 434 836 nullam
449 790 491 835 sihi
508 788 657 833 adventiciam
675 788 799 834 doctrinam
817 803 937 849 compara-

80 874 125 930 rit,
150 886 278 932 quanquam
294 874 317 916 iu
338 871 452 930 theologia
475 872 514 915 uix
537 871 681 915 mediocriter
699 872 757 928 sapit
779 876 802 919 et
824 873 847 916 in
865 872 937 917 nrultis

81 952 131 996 eius
144 951 250 1010 vpartibus
274 950 330 996 nihil
353 953 417 1010 sapit,
438 964 490 996 num
514 950 632 995 Petronius
654 949 737 1009 agendi
758 954 868 997 rationem
888 967 937 998 cum

84 1033 178 1091 ingenio
193 1033 310 1091 praecepti
326 1032 410 1091 papalis
427 1032 598 1077 convenientem
612 1036 753 1089 sequuturis,
770 1045 821 1078 num
841 1046 868 1078 ea
884 1035 940 1079 reli-

84 1114 154 1172 gione
166 1112 253 1158 futurus
270 1119 326 1171 erat,
344 1118 368 1158 ut
385 1125 479 1158 examen
490 1112 623 1157 recusaret?
638 1112 694 1158 Num
706 1114 725 1157 is
737 1114 772 1158 cui
782 1128 822 1173 pro
836 1114 939 1161 doctrina

84 1195 215 1253 arrogantia
242 1199 291 1252 est,
321 1208 355 1240 iro
380 1193 490 1238 modestia
514 1192 656 1251 procacitas,
679 1206 774 1238 examen
796 1201 940 1241 recusaturus

83 1273 161 1319 t‘uisse'
171 1275 291 1331 videbitur,
306 1275 344 1319 ulti
360 1275 444 1319 nemini
460 1276 570 1324 rationem
582 1273 679 1318 reddere
692 1274 796 1331 debehat,
812 1289 862 1320 cum
879 1276 939 1320 idenr

82 1367 142 1398 nunc
160 1366 236 1398 eoram
261 1355 363 1400 omnibus
386 1356 415 1400 ad
438 1356 482 1401 hoc
505 1369 600 1400 examen
624 1355 722 1400 adierit?
761 1357 888 1414 Perronius,
904 1358 941 1416 qui

82 1435 117 1480 ius
135 1439 158 1479 et
173 1435 315 1480 honestatem
331 1435 386 1480 nihil
403 1438 469 1495 pensi
484 1436 566 1493 hahet,
580 1437 660 1495 quippe
677 1448 733 1493 quae
748 1440 792 1479 tam
809 1441 893 1482 temere
912 1439 940 1483 ah

84 1529 112 1560 eo
128 1515 259 1574 laedantur,
282 1517 302 1561 is
327 1530 423 1562 examen
447 1522 592 1562 recusaturus
613 1517 684 1561 tuisse
700 1516 830 1562 videbitur?
845 1518 872 1562 Et
891 1520 940 1577 quis

83 1597 181 1655 tandem,
198 1597 252 1644 lieet
269 1612 339 1644 causa
355 1599 453 1644 omnium
470 1599 590 1644 iustissima
615 1603 637 1643 et
653 1598 782 1657 planissima
798 1604 873 1657 esset,
895 1613 942 1645 non

87 1679 286 1737 contremisceret,
301 1680 435 1735 sententiam
451 1692 497 1723 non
511 1678 707 1738 perhorresceret,
723 1679 742 1723 si
756 1679 875 1724 Perronius
893 1694 943 1725 eam

86 1760 205 1805 dicendam
228 1764 265 1805 aut
280 1765 365 1804 tantum
382 1759 511 1819 suffragium
528 1760 552 1803 in
569 1773 596 1803 ea
612 1773 637 1804 rc
655 1759 772 1804 serendum
790 1760 897 1806 haberet!

147 1841 264 1901 Ingenium
285 1841 399 1899 praecepti
423 1854 490 1899 supra
513 1840 572 1885 allati
595 1840 741 1898 praescrihit,
759 1845 783 1884 ut
802 1841 941 1888 Theodiscus

86 1923 179 1982 aliquis,
203 1936 216 1967 a
241 1935 284 1981 quo
304 1922 465 1981 postularetur,
488 1926 511 1966 ut
533 1934 588 1980 opus
606 1920 730 1980 argumenti
747 1921 896 1980 philosophici
912 1936 941 1968 ex

88 2003 221 2049 Theodiscis
237 2003 316 2048 Latine
333 2007 491 2060 converteret,
507 2002 552 2047 hoo
567 2002 694 2046 mandatum
709 2007 812 2059 recuset,
835 2004 855 2047 si
872 2016 941 2062 argu-

85 2091 183 2130 mentum
199 2085 250 2130 lihri
267 2085 288 2129 ei
304 2098 351 2129 non
367 2084 421 2129 satis
438 2084 552 2142 cognitum
569 2087 635 2127 esset.
667 2082 722 2136 Nam
737 2083 790 2127 licet
803 2083 881 2142 aliquis
894 2084 940 2129 lin-

86 2180 145 2227 guae
161 2165 302 2211 Theodiscae
320 2164 402 2223 optime
416 2176 499 2222 gnarus
513 2164 548 2218 sit,
565 2162 588 2207 id
599 2175 667 2206 unum
679 2173 726 2205 non
738 2161 826 2220 efficiet,
844 2168 868 2208 ut
878 2176 941 2222 opus,

87 2248 150 2293 cuius
168 2250 322 2306 argumentum
344 2245 365 2289 ei
381 2245 519 2304 incognitum
535 2249 581 2301 est,
602 2243 697 2288 fideliter
714 2249 847 2288 convertere
863 2246 942 2302 possit.

88 2327 150 2371 Haec
161 2339 198 2371 res
209 2330 253 2370 tam
267 2325 333 2383 plana
345 2330 386 2381 est,
402 2331 447 2369 tam
464 2339 505 2384 per
519 2339 545 2370 se
558 2325 626 2380 lucet,
638 2330 663 2369 ut
676 2323 758 2381 pudeat
770 2326 849 2369 aetatis
860 2326 883 2369 in
898 2339 942 2385 qua

88 2410 113 2451 ut
136 2405 226 2450 disertis
249 2406 325 2449 verhis
350 2406 505 2462 pronuntietur
523 2418 620 2450 necesse
636 2409 677 2448 est.
710 2403 773 2448 Licet
788 2405 855 2463 igitur
871 2406 943 2450 inter-

89 2488 165 2544 pretes
180 2483 355 2529 Introductionis
378 2481 547 2541 philosophicae
568 2482 591 2525 in
613 2481 731 2542 Gernrania
745 2487 792 2530 nati
809 2490 831 2529 et
853 2484 943 2532 educati

90 2566 142 2622 sint,
160 2578 188 2610 ea
203 2564 252 2610 sola
268 2577 294 2608 re
310 2562 413 2607 adhunc
429 2575 519 2620 operam
535 2563 699 2622 suscipiendam
714 2566 813 2611 nondum
825 2567 869 2625 apti
880 2567 941 2612 liunt.

90 2650 177 2707 Quippe
195 2648 261 2691 etiam
277 2643 396 2690 Perronius
414 2647 536 2700 asseverat,
556 2655 607 2689 sese
624 2652 728 2705 excerpta
741 2661 770 2691 ex
786 2647 944 2705 scriptisHer-

91 2731 156 2776 mesii
179 2742 192 2774 a
214 2726 341 2773 Theodisco
358 2730 411 2770 nato
431 2717 570 2770 conficienda
585 2740 683 2773 curasse.
717 2728 762 2774 Sed
779 2729 890 2788 quomodo
906 2730 944 2775 ille

90 2811 231 2857 Theodiscus
247 2815 312 2854 natus
331 2806 410 2853 vertit!
428 2805 500 2863 Saepe
516 2806 580 2864 plane
596 2807 654 2854 falso
670 2809 743 2866 vertit,
762 2815 786 2854 ut
800 2810 943 2856 Elvenichius

91 2894 115 2938 in
131 2892 194 2938 Actis
210 2890 363 2936 Hermesianis
380 2887 553 2945 demonstrauit,
576 2902 644 2948 saepe
660 2890 693 2934 sio
711 2895 735 2934 ut
751 2890 845 2935 credere
860 2893 943 2950 possis,

94 2975 154 3019 hunc
170 2972 430 3032 ᾖ1116011150111111111111111ιι
448 2966 516 3012 luisse
532 2969 680 3016 Theodiscum
690 2971 791 3017 nonnihil
804 2972 944 3029 malitiosum,

96 3055 132 3112 qui
149 3053 245 3099 voluerit
268 3053 360 3103 erudito,
376 3051 461 3097 homini
477 3048 531 3095 ltalo
550 3052 682 3111 aliquantum
700 3052 800 3111 illudere,
819 3067 868 3099 cum
885 3070 906 3099 v.
924 3068 944 3097 c.

96 3139 171 3178 notam
186 3133 427 3193 Wegscheiderianam
442 3129 493 3185 Ei,
509 3130 530 3175 h.
549 3145 569 3176 e.
584 3132 689 3189 eiusdem,
706 3139 849 3179 converteret
865 3134 944 3179 lotre-

95 3214 236 3271 dactioaem,
257 3214 324 3274 idque
344 3214 464 3260 Petronius
488 3224 567 3258 secure
589 3215 644 3274 typis
666 3215 834 3274 exprimendum
849 3217 943 3263 iuberet.
