1979 3399
386 60 592 108 -312-

60 230 90 238 —-
108 225 139 237 m
157 204 185 249 de
202 202 271 247 nihilo
290 202 402 260 expressit
418 204 441 247 in
459 200 614 248 ornamentum
631 200 755 247 maiestatis
771 210 838 255 suae,
860 199 921 244 unde

58 286 82 327 et
102 282 183 328 Graeci
200 293 284 326 nornen
300 280 383 326 mundo
399 278 487 340 κόσμον
506 281 746 327 accommodaveruntl
758 284 785 337 1).

122 361 164 406 Vix
181 360 288 405 solvimus
305 365 328 405 et
345 360 465 420 disputatio
481 362 525 406 iam
542 360 639 406 haerere
655 359 751 417 videtur,
765 370 817 403 num
832 356 871 403 hic
882 356 921 402 lo-

59 452 100 485 cus
117 438 204 485 duobus
223 439 279 497 aliis,
295 452 352 498 quos
369 440 443 485 statim
458 440 663 499 transscribemus,
679 440 768 486 videtur
783 450 919 499 repugnare.

59 519 105 566 Sed
121 519 243 564 advertere
262 520 328 578 velis,
344 520 504 566 Tertullianum
522 521 568 566 hoc
584 521 658 580 capite
673 519 698 567 id
715 531 784 579 agere
800 523 824 564 ut
840 523 920 564 osteu-

56 598 103 657 dat,
122 600 159 657 qui
179 599 234 644 deus
251 600 288 657 sit,
306 612 371 658 quem
388 598 509 645 Christiani
523 605 668 659 venerentur,
685 611 780 659 eumque
797 611 826 643 ex
841 597 920 656 operi-

55 678 99 725 bus
114 679 164 725 eius
181 679 299 738 cognosci.
325 678 361 724 Dc
375 678 421 725 flue
435 691 507 738 veru,
531 679 560 725 ob
583 692 650 739 quem
666 678 762 725 mundus
780 682 868 723 creatus
884 677 920 734 sit,
987 675 988 678 ’

57 758 171 805 hocloco
193 760 237 817 ipsi
260 771 335 805 senno
359 748 407 804 nou
431 763 472 804 est.
512 758 558 805 Iam
575 760 698 806 secundum
718 758 848 804 notissimas
864 758 919 803 artis

58 839 244 884 hermeneuticae
259 839 324 899 leges
339 820 472 896 nonlicet,
487 842 517 895 ut,
535 837 640 898 quamdiu
654 839 704 884 fieri
718 843 800 897 potest,
819 839 919 896 scripto-

55 930 104 963 rem
120 918 164 962 sibi
181 919 255 976 ipsum
269 930 397 977 repugnare
413 918 536 975 patiamur,
559 918 600 963 sed
623 931 740 977 quousque
764 918 813 963 fieri
826 922 918 977 potest,

56 998 150 1044 obscuri
163 997 212 1047 loci
228 1010 257 1042 ex
272 998 345 1057 planis
364 997 489 1042 illustrandi
506 1002 562 1043 sunt.
595 997 650 1044 Loci
667 1003 739 1044 autem
757 998 851 1056 duo‘qui
862 997 919 1043 sub-

57 1081 198 1137 sequuntur,
223 1077 283 1135 quod
300 1077 378 1131 attinet
395 1076 424 1120 ad
442 1074 577 1123 intellectum
597 1090 691 1136 eorum,
714 1077 768 1123 nulli
786 1077 920 1123 dubitationi
940 1117 941 1120 ,

60 1157 156 1203 obnoxii
168 1161 231 1202 <suut

117 1236 143 1281 In
159 1237 217 1282 libro
237 1248 278 1281 suo
295 1235 322 1280 de
337 1235 452 1282 Potieutio
470 1237 563 1283 seriirit:
588 1237 670 1296 ,Igitur
687 1237 774 1282 natales
790 1238 918 1296 ,impatien-

56 1318 101 1363 tiae
118 1318 142 1362 iu
158 1318 208 1376 ipso
231 1315 325 1361 diabolo
349 1317 504 1375 deprehendo,
521 1317 565 1361 iam
580 1320 634 1361 tunc
652 1329 702 1361 cum
720 1315 833 1361 domiuum
852 1317 917 1362 deum

55 1399 163 1444 uniuersa
179 1410 248 1456 opera
267 1409 324 1455 quae
340 1397 441 1455 fecisset,
458 1398 550 1457 imagini
567 1410 630 1455 suae,
646 1396 669 1443 id
688 1401 723 1443 est
738 1397 823 1444 homiui
839 1397 918 1443 suine-

59 1478 119 1525 cisse
134 1478 277 1537 impatienter
294 1476 354 1522 rutiu
365 1483 394 1535 2).
430 1478 459 1524 Et
476 1477 543 1524 aliut:

77 1558 79 1561 '
118 1558 254 1616 ,Nimirum
275 1558 378 1615 inquiunt
393 1557 573 1615 (Marcionitae),
590 1557 678 1616 grande
701 1569 757 1616 opus
782 1562 805 1601 et
826 1557 918 1617 dignum
960 1550 962 1556 ’

57 1638 108 1696 deo,
126 1637 229 1701 muudus.
261 1637 373 1695 Numquid
392 1650 448 1696 ergo
466 1642 556 1683 creator
572 1638 664 1682 minime
682 1637 757 1682 deus?
773 1637 840 1682 Plane
856 1638 919 1683 deus.

55 1718 117 1778 Ergo
134 1730 178 1762 nee
195 1716 290 1762 mundus
310 1715 353 1761 deu
373 1716 493 1776 iudignus;
513 1717 568 1762 nihil
586 1719 669 1762 etenim
689 1716 744 1761 deus
759 1716 875 1776 iudignum
892 1731 919 1763 se

55 1798 126 1843 fecit:
142 1799 184 1842 etsi
199 1796 306 1841 mundum
322 1797 418 1854 homini,
434 1809 481 1842 non
498 1797 541 1842 sihi
559 1796 621 1854 fecit,
638 1798 681 1842 etsi
702 1809 768 1842 omne
785 1809 840 1855 opus
857 1797 918 1843 inie-

56 1879 104 1924 rius
121 1881 155 1922 cst
170 1888 212 1921 suo
229 1876 326 1921 artifioe“
340 1878 367 1931 3).

116 1955 276 2003 Arnolrius
300 1955 323 1999 in
343 1954 407 2001 libris
430 1954 476 2000 suis
497 1954 605 2001 aduersus
622 1961 704 2015 gentes
721 1955 779 2013 (Vll,
798 1956 839 2012 lli)
858 1957 918 2002 scri-

56 2038 102 2084 nit:
125 2036 206 2095 „Atqui
226 2048 270 2095 ego
294 2035 444 2099 contumeliae
465 2035 607 2094 proximum,
630 2038 729 2095 quinimo
754 2049 806 2081 esse
828 2035 918 2094 plenam

29 2164 33 2166 ,
58 2117 216 2161 contumeliam
237 2116 328 2174 iudicu,
350 2129 400 2161 cum
423 2115 532 2161 honorari
549 2117 576 2160 ab
597 2116 689 2161 lronriue
706 2117 762 2162 deus
780 2115 876 2170 dicitur,
895 2119 918 2159 et

57 2197 157 2242 muneris
173 2196 266 2242 alicuius
277 2196 391 2242 oblatione
406 2197 507 2241 mactari.
541 2196 630 2241 Etenim
646 2198 666 2242 si
680 2196 755 2242 honus
771 2201 839 2256 auget
854 2196 920 2241 eius-

59 2291 102 2337 que
120 2278 246 2321 accumuiat
262 2277 408 2336 dignitatem,
425 2280 462 2323 cui
477 2278 544 2323 suerit
561 2279 691 2337 attributus,
708 2281 819 2339 sequitur,
835 2284 859 2325 ut
875 2292 919 2324 au-

61 2356 119 2401 ctior
136 2358 191 2401 deus
208 2357 246 2401 fiat
261 2359 289 2402 ab
305 2358 417 2403 nomines

122 2435 308 2481 Lactantius
331 2437 364 2480 de·
384 2438 428 2482 ime
452 2440 480 2483 oh
500 2453 564 2498 quem
581 2440 676 2484 rnuudus
695 2444 784 2498 creatus
802 2439 844 2497 sit,
859 2438 918 2485 haec

12 2542 13 2545 =
57 2515 127 2561 hahet
145 2516 173 2560 de
189 2516 224 2561 ira
243 2529 262 2559 e.
276 2515 320 2559 13:
345 2515 381 2573 „Si
397 2517 526 2561 consideret
542 2518 620 2575 aliquis
638 2499 765 2564 uuiversum
780 2520 856 2565 mundi
872 2520 917 2564 ad-

58 2596 254 2652 ministrationem,
270 2594 382 2654 intelliget
397 2594 513 2653 prolccm,
529 2608 593 2654 ruram
610 2610 663 2642 vera
683 2599 711 2643 sit
727 2600 837 2645 sententia
855 2600 918 2646 Stoi-

58 2687 152 2732 corum,
168 2675 205 2733 qui
223 2677 297 2732 aiunt,
313 2679 391 2719 nostra
409 2687 478 2719 causa
495 2676 599 2721 muudum
617 2690 669 2723 esse
686 2685 857 2725 couslr·uctum.“
888 2680 917 2726 Et

55 2769 144 2802 rursum
155 2745 256 2800 diuinum
275 2754 371 2800 Institut.
392 2752 442 2811 VH,
458 2754 486 2800 d:
504 2754 635 2811 „Videamus
648 2770 711 2817 erge,
726 2772 783 2818 rurae
794 2761 851 2804 ratio
864 2759 918 2803 fue-

57 2837 91 2881 rit·
101 2835 200 2894 fingendi
218 2835 310 2893 generis
329 2818 434 2879 irruuaui:
452 2834 564 2893 quonium
574 2842 662 2882 constat
678 2838 701 2882 id
717 2838 777 2898 quod
793 2840 863 2885 Stoici
879 2840 917 2884 di-

59 2919 119 2972 cunt,
134 2915 248 2963 hominum
263 2926 332 2960 causa
343 2912 449 2960 numdum
465 2925 516 2959 csse
528 2914 679 2964 faluicatumi‘
695 2918 727 2964 it.
739 2919 767 2965 i:
784 2919 916 2979 ,Hominum

62 3003 235 3012 „.....-—-.-

100 3036 119 3086 1)
135 3037 278 3087 Apologeticus
293 3050 309 3074 e.
326 3039 386 3078 titul.

98 3100 119 3146 2)
135 3101 164 3136 De
180 3102 279 3140 Patientia
294 3116 310 3139 o,
324 3103 348 3140 V.

100 3163 121 3211 ὃ)
136 3163 209 3204 Conui.
222 3167 346 3208 Marcionem
362 3169 397 3207 lib,
413 3171 422 3207 Ι
470 3169 499 3207 ld:
