1979 3399
394 49 557 95 ...7-

20 217 22 220 .
48 194 97 250 ptas
114 202 160 236 non
177 192 282 235 accurate
299 187 438 247 comperisse
455 186 564 242 dicamus,
582 197 632 228 cnut
649 182 740 226 iruntiua
757 181 855 226 utrorum
871 194 912 239 re-

49 273 149 326 censeat,
167 280 260 328 quorum
276 265 444 325 praetectiones
462 265 484 308 iu
501 262 648 307 universitate
659 260 834 305 bionasteriensi
851 263 910 306 tter.

48 351 131 396 mosius
149 346 303 409 frequentant,
319 349 342 389 et
357 345 448 390 nentina
461 342 551 402 quidem
563 355 604 403 per
613 336 686 403 ipsam
699 342 843 389 Germaniam
861 342 910 387 iere

47 431 137 490 ignota!
165 430 259 475 Cuinam
279 427 339 470 eninr
361 438 391 470 en
413 424 559 481 Theudiseis,
583 426 627 471 nisi
650 426 671 471 is
694 424 754 471 forte
776 424 911 470 bienasterii

48 492 204 584 autOririt'aut
216 508 280 564 run,
297 505 355 550 baec
366 505 458 550 nentina
469 506 560 564 cognita
573 510 632 563 sunt,
647 505 791 565 Kreurering‚
810 504 908 562 Battum,

45 590 202 647 Forireubeck,
218 586 418 645 Sutrnueseuberg‚
435 585 558 644 Riintgens‚
573 585 662 642 Athens,
679 586 808 633 Goeeken?

107 672 140 716 Ne
159 671 208 729 quis
224 668 268 712 hac
283 667 339 712 suisa
352 667 430 725 speeie
441 668 465 710 in
479 679 580 711 errorem
596 679 622 710 se
639 666 690 711 dnei
704 666 814 725 patiatur!
837 665 906 712 Paulo

46 755 97 810 post
112 749 254 807 videbimus⁷
277 749 314 806 qui
338 747 413 793 fontes
435 749 491 806 sint,
513 746 574 792 unde
597 747 697 792 hauserit
714 746 849 803 Fauonius,
874 748 908 791 si-

47 827 135 887 nnrtqne
145 827 297 884 ostendemus,
315 826 429 886 unorno'do
446 840 472 872 se
488 827 572 871 habeat
589 827 621 883 td
637 827 697 886 (prod
708 827 820 885 interpres
830 825 909 871 Theu-

47 909 123 954 discus
138 907 206 953 tibuiti
223 908 355 952 Perroniani
373 907 514 953 confidenter
526 906 628 964 affirmat,
645 920 731 952 summa
745 920 796 952 cunr
808 907 907 967 diiigen-

45 991 75 1035 tia
101 1002 192 1035 eausam
214 988 386 1032 Herrnesiauam
408 988 494 1033 Ronrae
517 988 656 1046 exploratam
679 1001 739 1033 esse.
779 988 824 1035 Sed
841 1000 907 1047 quem

46 1070 135 1117 tandem
160 1070 183 1113 in
207 1068 273 1112 sinum
290 1068 410 1113 Perronins
426 1068 464 1113 ilia
485 1069 578 1113 nentina
595 1070 754 1115 eanrnerarit‘?
777 1068 868 1115 Scilicet
883 1074 907 1113 nt

45 1149 159 1195 rideretur
169 1161 220 1195 esse
235 1163 300 1209 qrrarn
318 1150 488 1195 accuratissime
505 1150 635 1194 instructus.
668 1150 695 1194 In
710 1151 760 1208 ipsa
777 1149 836 1194 enim
847 1149 906 1195 Ger-

44 1230 118 1274 nrania
141 1230 232 1276 namura
257 1230 293 1274 itta
315 1237 360 1276 tarn
380 1230 441 1275 nude
457 1231 547 1290 posita,
565 1235 589 1274 nt
604 1232 679 1289 posint
695 1230 832 1286 Petronius,
849 1229 906 1274 nihil

44 1315 97 1355 sunt
114 1310 158 1355 uisi
174 1312 224 1355 suni
248 1313 345 1365 inanes,
365 1316 387 1356 et
402 1324 496 1370 prorsus
517 1312 606 1356 inutiles
626 1310 758 1356 lectoribus.
790 1310 820 1355 At
836 1309 905 1355 multo

44 1392 110 1436 etiarn
126 1392 198 1450 magIs
215 1392 294 1437 inanes
310 1398 361 1437 sunt
371 1392 439 1448 italis,
455 1393 535 1451 quibus
551 1392 630 1436 iibrnnr
646 1404 709 1436 suum
718 1391 839 1436 Perronins
849 1403 905 1450 prae

44 1472 125 1515 ueteris
139 1471 265 1528 destinavit,
281 1477 305 1517 ut
316 1472 395 1517 saitem
407 1484 454 1516 non
470 1485 548 1531 parurn
565 1471 673 1516 inurbane
688 1471 773 1515 fecisse
789 1470 901 1528 rideatur,

44 1552 82 1608 qni
99 1564 165 1597 aures
188 1556 211 1596 et
232 1552 330 1611 lingnam
346 1553 485 1611 popularium
505 1566 597 1597 snorum
614 1550 741 1597 numinibus
765 1550 823 1595 aileu
846 1549 903 1594 bar-

43 1631 105 1675 baris
128 1635 151 1675 et
172 1631 201 1676 ad
224 1632 412 1688 pronuntiandum
430 1631 564 1678 difficillimis
581 1633 630 1677 sine
649 1631 693 1676 utta
711 1643 779 1676 causa
795 1629 901 1689 fatigarit.

42 1711 162 1755 Perronins
175 1713 194 1756 si
210 1725 291 1757 revera
302 1713 352 1757 tatis
365 1718 434 1771 esset,
451 1714 522 1772 (pratis
538 1713 612 1758 rideri
622 1712 674 1768 uult,
691 1713 710 1757 si
725 1724 806 1756 reuera
819 1712 903 1771 cugni-

43 1794 89 1833 tarn
106 1790 199 1834 haberet
215 1792 274 1835 irtam
293 1805 319 1837 ae
336 1793 455 1850 rationem,
473 1806 515 1851 qna
533 1793 663 1838 Hermesins
679 1792 759 1837 titteris
773 1793 902 1851 artibusque

43 1870 175 1914 informatus
193 1871 271 1915 inerit:
295 1872 317 1916 in
335 1867 445 1919 Hermesii
466 1875 580 1932 rrragistris
601 1887 647 1919 nun
669 1878 715 1917 tam
733 1873 807 1917 obiter
825 1874 901 1918 nomi-

43 1956 121 1995 nasset
132 1950 339 2006 Ueberrrassernm,
355 1952 423 1995 inuno
434 1957 566 1997 ostensurus
582 1952 669 2009 inisset,
685 1964 751 2010 quam
768 1952 814 1996 riui
831 1966 901 2010 prae-

43 2033 105 2073 stans
129 2029 166 2073 iile
189 2029 341 2087 pspebologns
364 2030 393 2074 ad
415 2031 530 2089 ingenium
554 2032 665 2076 Hermesii
687 2030 853 2089 excolendum,
872 2033 901 2078 ad

44 2107 160 2153 doetrinae
177 2110 360 2166 progressionem
383 2111 406 2154 iu
430 2124 458 2155 eo
482 2111 622 2170 dirigendam
639 2112 782 2166 exercuerit5
802 2113 901 2157 ‹tenton-

42 2189 150 2233 stratnr'ns
167 2187 253 2243 suisset,
268 2188 291 2231 in
307 2188 371 2234 huius
388 2192 430 2235 viri
446 2191 636 2248 praelectionibus
653 2191 739 2235 semina
758 2192 807 2255 eius
823 2196 901 2249 syste-

42 2267 107 2312 matis
131 2266 232 2326 dispersa
257 2269 369 2325 iacuisse,
393 2268 453 2327 qnod
471 2269 601 2314 Herrnesius
625 2270 736 2328 percoluit
759 2275 781 2314 et
797 2269 900 2328 perfecit.

103 2347 224 2392 Perronins
240 2349 293 2393 siis
311 2353 468 2410 essetsqnenr
486 2347 558 2392 rideri
576 2361 601 2393 se
620 2349 693 2406 cupit,
707 2348 726 2393 si
744 2361 780 2393 res
798 2354 901 2394 tractan-

43 2425 83 2471 das
100 2427 172 2484 probe
191 2429 295 2486 cognitas
315 2429 422 2485 haberet,
439 2429 495 2474 atius
510 2429 553 2473 riri
570 2430 657 2488 egregii
672 2430 809 2474 mentionem
827 2428 898 2472 ornit-

42 2508 91 2548 tere
107 2519 153 2549 non
175 2507 261 2564 debuit,
284 2511 321 2568 qui
344 2515 366 2554 et
381 2510 521 2568 praestantia
537 2511 622 2570 ingenii
640 2515 662 2554 et
678 2511 804 2555 constantia
819 2507 902 2554 robin-

41 2584 93 2627 tatis
112 2585 140 2628 ad
161 2593 257 2632 ruentem
274 2590 386 2635 Hermesii
407 2590 555 2636 excolendam
570 2604 617 2636 neu
634 2592 708 2634 rnirnrs
732 2589 815 2645 rabrit3
839 2588 901 2634 dici-

41 2676 90 2707 inus
107 2669 179 2709 antem
195 2666 288 2713 liberum
303 2670 413 2716 baronem
427 2670 455 2716 de
472 2671 637 2730 Fiirstenberg‚
658 2684 762 2730 inagnum
782 2668 843 2714 itlnrn
859 2681 901 2726 per

42 2746 123 2786 terram
139 2742 340 2793 blotrasteriensenr
355 2762 430 2795 rernm
452 2751 589 2809 publicarunt
608 2751 781 2795 nroderaturern.
814 2749 863 2792 Hoc
879 2748 899 2793 si

41 2820 134 2867 fecisset
150 2823 276 2882 Petronius,
293 2834 315 2872 et
330 2835 400 2875 artem
416 2830 512 2889 aliquam
529 2831 621 2888 ipsaque
632 2830 675 2886 itta,
693 2843 749 2887 [puae
760 2829 782 2871 in
793 2835 898 2888 promptu

40 2900 125 2947 trabere
151 2903 223 2960 solet,
246 2905 381 2954 adminicula
402 2910 558 2967 adhibuisset,
581 2911 653 2969 potuit
674 2910 739 2953 etiarn
766 2908 898 2968 triumphurn

40 2981 205 3037 ‹prodannuodo
224 2982 252 3028 de
267 2983 386 3034 t-terrnesto
402 2990 505 3050 reterre,
522 2992 593 3052 poterit
610 2990 630 3036 ei
648 2990 802 3036 inventionem
821 2996 898 3051 syste-

39 3062 103 3107 matis
118 3065 227 3124 propusiti
244 3063 381 3116 alrirrdieare.
