1979 3399
400 49 581 102 ..40...

71 194 145 237 strare
161 193 223 252 prolui
240 192 273 239 sic
292 189 430 238 decernendi
449 188 605 233 rrecossttotem
628 185 755 232 absolutam
769 186 865 232 arationis
881 184 925 233 ad-

67 278 141 322 essef‘
173 273 272 332 Utroque
292 272 343 316 ioco
361 270 490 315 Hermesius
512 269 611 325 indicat,
628 268 692 328 quale
709 270 738 313 sit
754 268 824 325 ipsius
839 268 923 313 iudicio

67 355 181 399 criterium
199 352 349 398 certitudinis:
365 352 462 411 positum
477 351 537 396 enlm
553 362 665 396 essenon
682 349 704 392 in
721 349 854 393 assensione
865 360 923 406 qua-

66 434 171 491 licunque
189 432 256 478 modo
274 437 369 489 exorta,
393 432 434 477 sed
449 432 533 491 requiri
549 430 704 476 necessitatum
722 428 860 475 assentiendi
878 441 922 473 rra

67 514 195 559 tloumhileus
210 515 259 558 sive
275 528 305 559 erc
320 514 410 559 ratione
426 514 559 572 oriundam,
576 527 619 573 qua
637 512 760 569 efficiatur,
777 517 801 557 ut
816 524 866 555 cum
882 524 923 556 ra-

68 597 130 639 tione
145 594 334 651 (rationabiliter)
351 595 453 640 dubitare
470 608 517 640 non
533 595 654 654 possimus.
686 594 807 652 Propterea
820 593 922 652 inprae-

64 675 150 719 i'atione
166 676 342 722 lritroductioiris
357 675 527 735 philosophicae
543 682 605 735 (pag.
616 675 690 731 riti.)
711 679 763 734 post
783 674 859 719 locum
880 687 922 719 sn-

64 758 179 816 periorem
196 770 210 802 a
226 759 334 804 Perronio
358 759 446 804 allatum
469 757 523 803 illud
546 757 665 803 admonet:
690 762 713 802 ut
728 770 758 801 ne
773 756 797 802 in
814 755 922 815 disquisi-

65 840 178 896 tionibus,
193 840 221 884 ad
237 845 321 897 certam
337 841 386 884 veri
407 840 558 884 inventionem
577 839 702 897 susceptis,
722 837 767 881 vim
793 836 859 881 ullam
877 835 922 880 ha-

66 920 123 964 ltere
144 921 253 979 patiamur
275 919 312 965 vel
336 921 467 980 phantasiae
492 920 603 980 imagines
628 919 665 965 vel
692 918 760 963 animi
785 917 921 962 commotio-

66 1014 123 1059 nes,
145 1001 324 1060 quandoquidem
351 1004 469 1059 assensio,
493 1015 551 1061 quae
573 1000 701 1048 lmiusmodi
729 999 803 1044 causis
830 997 920 1043 excita-

65 1086 116 1139 tur,
138 1081 191 1126 licet
207 1080 298 1126 fortuito
314 1080 400 1126 ineidat
415 1081 439 1126 in
454 1095 548 1139 verum,
562 1084 638 1126 tamen
652 1080 712 1125 oanni
729 1077 861 1125 certitudine
878 1091 920 1124 ca-

65 1165 108 1207 ret.
125 1189 156 1197 -
174 1161 278 1221 Magnam
292 1161 359 1206 etiam
375 1161 523 1207 offensionem
535 1160 626 1207 dedisse
636 1160 742 1205 Perronio
752 1159 840 1204 videtur
855 1158 920 1204 loeus

66 1243 95 1288 alr
111 1256 140 1288 eo
157 1248 344 1289 commemoratus
361 1246 412 1303 pag.
429 1243 491 1302 343,
516 1243 539 1288 in
555 1257 599 1302 quo
616 1242 721 1302 leguntur
736 1239 846 1286 vocabula
862 1239 921 1284 tri-

67 1321 166 1366 buual
181 1322 324 1368 rationis.
362 1319 493 1369 Videamus
504 1323 532 1368 de
549 1328 662 1369 contextu.
693 1322 812 1380 Postquam
828 1320 920 1381 proles-

65 1413 103 1447 sus
128 1406 162 1446 est
183 1401 325 1447 ilermesius:
341 1402 396 1447 mihi
415 1407 499 1447 eertum
521 1403 603 1448 factum
627 1407 676 1459 est,
695 1415 747 1447 esse
764 1404 851 1459 Deum,
867 1414 920 1448 esse

64 1483 132 1528 uitam
152 1488 279 1543 aeternam,
296 1481 440 1529 christianam
456 1483 589 1543 religionem
605 1495 657 1529 esse
674 1482 779 1529 divinitus
797 1482 920 1528 revelatam

66 1566 89 1606 et
102 1560 285 1609 Catholicismum
298 1576 350 1608 esse
360 1576 437 1608 veram
448 1562 646 1621 Christianismum,
665 1563 695 1609 ita
713 1564 799 1623 pergit:
817 1567 921 1622 „propter

67 1653 95 1685 ea
113 1641 183 1699 eriam
199 1647 247 1689 ioto
262 1649 357 1703 pectore
374 1649 456 1703 exopto
473 1672 503 1680 -
521 1649 543 1689 et
560 1644 609 1702 quis
621 1656 710 1701 essem,
727 1644 747 1688 si
760 1656 807 1689 non
826 1647 922 1702 exopta·
971 1629 981 1665 1

68 1724 140 1768 rem?
162 1751 193 1760 ·-
215 1729 239 1769 ut
263 1737 341 1769 ouines
363 1723 467 1770 homiues
493 1724 589 1770 eandem
604 1724 774 1783 persuasionem
790 1724 921 1782 suscipiant,

66 1806 91 1846 ut
108 1800 187 1846 eadem
210 1802 254 1848 lide
271 1804 396 1864 eademque
413 1818 453 1864 spe
470 1818 558 1852 mecum
572 1805 677 1850 uniantur
693 1803 716 1848 iu
728 1816 777 1856 ⁸uno
793 1805 843 1849 Deo
860 1807 883 1848 et
897 1803 921 1848 in

66 1895 113 1927 uua
125 1882 235 1929 catholica
250 1885 348 1930 ecclesia
363 1885 401 1931 filii
412 1886 462 1942 Dei,
477 1885 567 1932 Domini
579 1885 651 1931 nostri
662 1884 714 1930 lesu
723 1883 810 1929 Christi.
843 1883 922 1936 Quan-

67 1975 133 2021 quam
151 1970 225 2010 autem
240 1964 286 2011 hoo
301 1979 375 2011 nieunr
391 1972 488 2025 optatunn
502 1980 532 2011 ex
547 1966 624 2011 intimo
639 1964 709 2011 eorde
722 1965 776 2022 fluit,
792 1963 922 2022 laetitiaque

65 2056 130 2088 urens
151 2058 202 2089 mea
228 2046 311 2090 exnltat
333 2047 460 2092 istiusmodi
484 2047 664 2092 coniunctionem
687 2046 791 2090 omnium·
804 2031 921 2103 cogitans:

65 2124 180 2170 tamenin
197 2138 242 2184 eo,
265 2126 302 2185 spii
317 2140 378 2173 rrunc
399 2133 450 2186 est,
472 2127 537 2173 huius
559 2126 724 2172 coniunctionis
745 2124 836 2170 delectu
850 2124 921 2185 longe

66 2205 132 2250 abest
154 2218 168 2250 a
190 2220 227 2251 me
243 2208 316 2252 onmis
332 2208 476 2254 intolerantia
492 2208 599 2254 adversus
617 2209 681 2253 aliter
696 2209 834 2263 sentienteS,
849 2219 921 2264 prae-

66 2285 144 2330 sertim
159 2285 209 2330 talis
225 2287 379 2344 intolerantia,
396 2288 484 2346 qualern
501 2294 581 2333 uonna
597 2287 725 2332 Catholicos
741 2292 763 2331 et
778 2286 822 2329 hoc
840 2290 863 2330 et
878 2299 920 2331 su-

66 2363 158 2423 periore
183 2377 242 2410 anno
267 2370 312 2410 tam
332 2365 393 2411 multi
407 2367 590 2423 Protestantium,
614 2378 679 2424 quium
699 2365 780 2411 festum
802 2365 920 2412 saeculare

67 2443 195 2502 factamque
212 2458 240 2490 eo
264 2449 365 2503 tempore
387 2447 494 2491 unionem
513 2446 572 2491 inter
591 2445 730 2492 Lutheranos
747 2451 769 2491 ct
787 2445 920 2495 Calvinistas

67 2523 215 2582 celebrarent,
232 2529 254 2570 et
272 2538 312 2570 ore
329 2530 352 2571 et
367 2526 455 2585 seriptis
470 2525 664 2585 praedicaverunt,
680 2525 767 2585 qualem
784 2525 919 2585 Reparatur,

66 2605 209 2651 consiliarius
226 2605 393 2652 ecclesiasticus
411 2634 441 2641 —-
461 2611 486 2651 ut
501 2619 546 2651 ιιιιο
564 2611 647 2652 tautum
663 2607 764 2666 exeinplo
781 2612 831 2654 utar
850 2633 877 2640 -
894 2609 920 2655 in

67 2687 96 2733 95
114 2686 263 2732 arutitltcsibus
279 2700 324 2732 uon
341 2700 385 2732 uno
402 2686 454 2731 loco
471 2686 612 2732 declaranda
635 2687 772 2748 (Sequuntur
787 2688 825 2733 hic
842 2688 919 2733 theses

66 2768 189 2813 nonnullae
211 2768 235 2812 in
264 2766 395 2812 catholicam
420 2765 540 2812 ecclesiam
564 2767 763 2825 iniuriosissimae;
789 2781 833 2827 quo
857 2768 919 2814 facto

66 2848 195 2894 Hermastus
211 2848 269 2893 haec
284 2848 354 2893 verba
365 2847 466 2907 adiungit
474 2855 492 2902 2)
508 2847 586 2906 „Talis,
602 2849 699 2908 inquam,
715 2849 865 2908 intolerantia,
876 2850 920 2894 ad-

68 2927 122 2972 dere
141 2931 207 2975 etiam
227 2930 295 2987 licet,
318 2930 368 2974 talis
385 2929 513 2989 ignorantia
535 2934 692 2989 systematum,
719 2931 797 2990 rprihns
815 2930 919 2976 addictae

66 3010 118 3052 sunt
144 3007 200 3054 aliae
221 3010 379 3057 confessiones
395 3007 547 3067 christianae,
571 3009 594 3055 in
616 3025 652 3057 me
667 3014 714 3057 non
731 3010 918 3070 deprehendetur.

68 3087 184 3145 Nunquam
195 3102 247 3148 ego,
263 3105 299 3136 me
311 3092 383 3151 ipsum
393 3088 480 3136 scilicet
492 3088 626 3149 abieotinuS,
643 3093 753 3138 conviciis
769 3097 826 3150 utar,
843 3106 918 3152 neque

66 3167 95 3214 ah
109 3166 145 3215 his
160 3168 194 3213 rei
212 3168 241 3215 ad
259 3169 424 3218 defendendum
436 3173 554 3230 susceptae
563 3170 679 3221 uictoriam
690 3172 822 3234 expectabo.
839 3173 917 3229 Quan-
