1979 3399
425 54 628 147 4334-

107 234 207 282 thesibus
222 233 323 281 subiecta
339 240 381 281 est.
414 237 539 293 Considera
556 226 820 286 duodevicesimamsive
831 248 960 288 extremam.

108 317 156 363 Hac
172 311 304 376 postulatur,
318 323 342 363 ut
358 317 436 366 clerici
453 320 632 368 archidioeoesis
642 315 783 368 Coldniensis
800 320 849 367 iure
865 323 961 369 iurando
982 309 983 312 Ἴ

107 411 133 445 εε
148 398 303 458 obstringant,
327 399 350 444 in
373 401 477 447 omnibus
499 414 557 461 quae
583 400 613 447 ad
635 400 759 448 doctrinam
782 406 804 448 et
821 402 961 463 disciplinam

105 483 221 538 spectant,
246 479 296 524 sine
320 481 368 526 tillo
396 482 536 541 conditione,
561 482 663 529 obsolute
688 489 712 529 et
733 484 783 529 sice
806 484 854 529 cllo
878 485 962 542 restri-

106 561 180 606 ctione
196 575 249 608 sese
268 562 390 612 subiicere.
422 565 457 611 Ex
472 549 523 625 lege
539 564 619 610 morali
633 565 702 623 licet,
726 570 751 610 ut
765 566 879 625 praeviam
891 569 917 631 „et
933 564 961 609 ab

105 643 167 687 omni
191 643 322 690 conditione
339 649 448 690 remotam
464 644 628 690 subiectionem
652 645 718 691 alicui
742 644 869 705 spondeas,
891 644 911 689 si
926 645 961 701 is,

105 725 142 770 cui
162 725 205 770 boc
229 724 296 772 modo
323 731 345 771 ie
369 726 510 783 subieceris,
534 725 643 778 infallibili
661 728 793 772 auctoritate
809 725 883 784 pollet.
915 725 961 772 Sed

104 818 146 863 per
169 800 243 866 legem
265 807 374 852 moralem
397 808 473 867 utique
498 792 610 867 nunquam
632 808 697 864 licet,
717 813 741 852 ut
760 806 826 852 alicui
849 807 897 852 sine
915 807 960 852 ulla

105 887 249 933 restrictione
266 900 309 933 nos
325 888 484 946 sublimamus,
507 889 551 934 nisi
566 888 632 934 nobis
648 876 781 948 persuasum
796 888 831 944 sit,
846 901 904 944 eum,
922 888 959 934 cui

104 980 146 1014 nos
172 968 317 1026 subiicimus,
343 975 365 1015 et
389 970 413 1015 in
434 969 579 1030 intelligendo
599 969 626 1015 ab
649 970 711 1015 omni
726 982 804 1015 errore
826 970 959 1028 immunem,

105 1053 129 1094 et
146 1049 169 1094 in
186 1062 214 1094 eo
225 1046 285 1109 quod
297 1051 344 1097 vult
357 1050 449 1096 omnino
463 1056 563 1097 sanctum
577 1063 635 1096 esse.
667 1051 739 1096 Homo
751 1050 874 1096 catholicus
888 1049 960 1110 lnfob

105 1129 162 1175 titttt
184 1131 313 1190 irrupisterio
336 1132 448 1177 ecclesiae
467 1144 492 1177 se
515 1132 619 1189 subiicit,
646 1145 695 1177 eam
717 1132 788 1190 ipsam
813 1132 841 1176 ob
861 1143 959 1188 causam,

104 1211 166 1270 quod
183 1213 204 1256 ei
221 1225 352 1271 persuasum
369 1216 417 1269 est,
442 1211 496 1257 illud
520 1225 572 1257 esse
589 1211 721 1270 infallibile,
736 1211 781 1257 hoc
796 1216 831 1255 est
846 1212 870 1256 in
885 1211 960 1257 omni-

102 1292 145 1337 bus
170 1304 227 1350 quae
254 1293 383 1352 pertineant
409 1293 438 1337 ad
462 1292 514 1338 fidet
535 1306 665 1352 morumque
694 1292 819 1358 doctrinam
845 1292 892 1337 falli
914 1292 959 1336 mi-

102 1372 162 1435 nime
177 1383 253 1429 posse.
285 1372 331 1418 Sed
346 1372 483 1431 singularem
501 1374 629 1431 episcopum
645 1374 693 1418 sive
710 1372 904 1431 archiepiscopum
921 1372 959 1416 in-

103 1451 225 1501 fallibilem.
244 1464 310 1509 esse,
335 1466 402 1497 nemo
420 1452 493 1497 adbuc
509 1452 629 1511 theologus
646 1451 770 1498 catholicus
788 1452 919 1509 affirmavit,
937 1456 959 1496 et

100 1533 193 1580 historia
218 1534 282 1580 testis
301 1539 349 1592 est,
374 1537 510 1581 contrarium
533 1535 665 1594 saepissime
682 1527 802 1579 accidisse.
833 1531 889 1577 Nam
905 1544 959 1577 oer-

100 1617 187 1662 tissimo
204 1616 313 1662 historiae
332 1617 501 1662 ecclesiasticae
517 1618 644 1663 testimonio
668 1629 715 1662 non
737 1615 804 1674 pauci
826 1612 890 1658 fuere
907 1614 958 1671 epi-

100 1698 164 1756 scopi
182 1701 204 1742 et
227 1696 406 1757 archiepiscopi,
434 1700 472 1758 qui
496 1712 509 1743 a
533 1698 627 1744 veritate
651 1695 768 1743 doctrinae
786 1699 809 1738 et
826 1692 958 1751 disciplinae

100 1777 269 1833 aberraverunt,
286 1778 324 1835 qui
338 1777 396 1821 aden
412 1783 525 1822 sectarum
536 1777 650 1835 principes
662 1775 801 1820 exstiterunt.
834 1772 904 1832 Igitur
912 1772 958 1818 hoc

101 1861 136 1901 est
151 1856 175 1900 in
200 1861 295 1914 aperto,
311 1870 389 1901 veram
408 1857 570 1901 conscientiam
586 1868 632 1901 non
647 1856 709 1914 pati,
735 1859 759 1899 ut
777 1853 887 1898 eiusmodi
901 1866 970 1911 pro-¹

99 1937 192 1982 missum
209 1937 275 1983 nullis
291 1937 392 1983 terminis
411 1938 531 1983 cohibitum
546 1952 559 1983 a
575 1950 686 1997 quoquam
704 1936 803 1996 quisquis
822 1934 910 1979 demum
924 1938 959 1979 est

101 2017 173 2063 detur.
206 2018 261 2062 Nam
278 2019 298 2062 si
314 2017 409 2076 exernpli
422 2018 496 2078 gratia
513 2017 633 2064 Nestorius
653 2017 763 2063 eiusmodi
779 2017 924 2075 sponsionem
943 2030 957 2060 a

102 2097 191 2142 clericis
207 2097 250 2142 sibi
267 2097 374 2142 subiectis
397 2098 556 2155 postulavisset
577 2098 636 2155 iique
662 2096 777 2142 dedissent
799 2096 836 2140 vel
853 2096 908 2141 dare
923 2096 957 2140 eis

101 2177 207 2234 licuisset,
225 2177 327 2222 obstricti
337 2177 432 2223 fuissent
449 2179 497 2223 eius
514 2191 606 2222 errores
618 2179 682 2236 sequi
698 2181 721 2222 et
737 2177 861 2222 doctrinam
875 2175 957 2221 catho-

100 2258 167 2303 licam
183 2258 290 2303 abiicere.
322 2259 346 2305 Si
361 2257 454 2316 Lalcifer
469 2257 616 2303 Coloritonos
632 2256 743 2303 eiusmodi
757 2258 904 2316 sponsionem
919 2256 957 2300 iu-

101 2342 203 2382 ramento
220 2339 328 2383 sancitam
346 2353 358 2383 a
378 2337 466 2384 clericis
483 2334 531 2383 suis
545 2338 699 2397 postulasset,
724 2337 785 2397 iique
801 2336 860 2381 hanc
876 2335 956 2381 dedis-

102 2421 152 2461 sent
168 2416 205 2459 vel
222 2417 276 2462 dare
294 2417 326 2461 eis
342 2417 450 2479 licuisset,
465 2418 589 2463 iuramento
606 2430 658 2462 sese
675 2417 847 2463 obstrinmssent
864 2418 956 2476 episco-

103 2509 155 2554 pum
177 2496 270 2554 eiusque
287 2494 385 2540 schisma
402 2497 490 2540 sectari.
522 2496 546 2541 Si
562 2494 688 2552 Elipcndos
705 2495 890 2554 archiepiscopus
909 2496 956 2541 Το-

103 2577 190 2621 letonas
206 2574 273 2620 talem
288 2574 433 2632 sponsionem
458 2587 471 2618 a
494 2573 582 2621 clericis
604 2575 651 2621 suis
671 2576 806 2635 postulasset
820 2578 881 2636 iique
896 2577 956 2623 hanc

104 2656 220 2700 dedissent
236 2653 272 2699 vel
285 2654 339 2698 dare
355 2654 383 2698 iis
397 2653 512 2709 licuisset,
533 2666 585 2700 sese
602 2653 633 2699 illi
651 2656 842 2714 obstrinxissent,
863 2671 955 2704 errores

103 2733 243 2793 Adoptianos
259 2733 379 2793 accipere3
397 2745 449 2778 sese
466 2730 644 2793 obstrinxissent,
659 2734 803 2782 subscribere
817 2736 955 2796 professioni

103 2818 156 2865 fidei
174 2816 200 2860 ab
218 2814 331 2871 Elipondc
352 2814 519 2866 concinnatae,
535 2816 635 2873 utramvis
653 2815 768 2861 doctrinae
787 2820 900 2864 ecclesiae
914 2831 955 2863 re-

102 2895 194 2956 pugnet.
226 2894 271 2942 Sed
286 2894 349 2940 luere
366 2899 420 2939 tunc
436 2892 527 2950 clerici,
551 2896 588 2953 qui
609 2896 637 2941 ab
655 2897 824 2956 archiepiscopo
842 2897 954 2955 Elipcndo

103 2977 154 3032 sibi,
169 2981 273 3034 tanquam
290 2988 336 3019 uon
351 2973 509 3019 obedientibus
519 2979 540 3018 et
549 2975 691 3035 degenerabis
710 2978 865 3024 sacerdotibus
881 2977 954 3025 male-

103 3056 147 3102 dici
162 3056 252 3101 mallent
275 3053 340 3114 quam
362 3052 473 3099 eiusmodi
489 3053 624 3111 professioni
644 3056 696 3103 fidei
714 3057 864 3106 subscribere.
896 3056 953 3118 ,Qut

102 3150 147 3184 aron
162 3137 230 3194 licerit
254 3136 370 3194 confessos
392 3133 468 3179 lesam
483 3132 594 3202 Christum
617 3137 746 3196 adoptivum
763 3140 914 3195 lartumnitute,
932 3144 953 3183 el

101 3230 241 3276 oeqrtopuom
258 3215 387 3273 adoptivam
400 3204 533 3268 dtotottute,
549 3215 570 3261 is
587 3217 713 3265 ltoeroticos
729 3225 800 3266 estet
815 3221 951 3267 extermine-
