1979 3399
376 79 577 132 —oot-

50 228 76 262 se
93 213 213 274 gesserint.
244 215 365 262 Petronius
390 219 464 264 statim
481 217 509 264 ab
526 219 590 265 initio
612 217 680 264 midta
703 217 727 264 in
743 215 833 263 laudem
850 216 910 264 ller-

49 296 202 342 mesianorum
218 297 319 356 prulert3
342 303 452 357 testatur,
481 312 523 345 eos
549 300 609 345 bona
630 299 675 345 fide
699 298 781 359 placita
799 298 910 344 Hennesii

49 381 149 423 sectatos
168 390 233 436 esse,
245 377 299 423 nihil
319 379 379 439 quod
397 379 564 439 reprobandum
581 385 641 426 esset
658 382 681 426 in
698 380 726 426 iis
743 379 841 438 vidisse,
857 380 910 440 plu·

50 457 111 503 ribus
125 456 148 500 in
164 457 232 502 rebus
249 457 325 503 alacre
343 472 399 519 erga
425 458 546 504 ecclesiam
567 461 663 509 studium
685 463 823 510 ostendisse.
864 461 910 507 llas

50 536 208 586 confessiones
225 541 300 599 magni
318 553 374 586 sane
393 542 571 596 aestimaremus,
587 544 607 588 si
627 544 694 589 modo
712 545 845 590 aPerronio
862 557 909 589 uon

50 619 181 665 venissent:
198 631 250 664 uam
266 620 352 666 laudari
369 622 469 680 cupImus
485 620 599 667 alaudato
616 623 680 679 viro3
697 625 766 682 pluris
782 625 910 670 faceremus

50 702 91 746 bas
116 699 209 756 laudes,
231 701 251 745 si
271 703 428 747 interusurium
453 702 520 746 nobis
543 703 654 760 prolicere
676 705 795 763 quidquam
821 711 906 765 posset,

50 782 110 844 quod
126 782 240 841 quaternis
257 782 344 827 vicibus
361 784 384 827 in
402 784 456 841 ipsis
473 783 598 828 debitorum
616 782 696 829 tabulis
714 791 835 844 comparet.
861 787 908 832 Po-

51 868 135 909 stremo
152 861 242 907 tornandi
259 867 313 907 sunt
327 863 405 909 Datioi
420 863 510 908 etiunasi
527 863 587 908 dono
601 864 685 922 serant.
723 863 769 910 Eos
788 865 908 921 homines,

51 947 89 1006 qui
104 944 171 990 multa
187 946 210 988 iu
227 944 276 989 aliis
292 943 399 1000 laudaut,
425 944 504 988 merita
522 957 603 989 eorum
617 945 645 989 de
661 944 769 989 industria
786 945 909 1005 prudenter

52 1026 175 1081 celebrant,
192 1030 237 1070 tum
255 1037 311 1070 uero
329 1037 411 1084 magua
428 1026 573 1070 miseratione
589 1026 666 1070 uitium
682 1025 812 1083 dolendum,
829 1025 910 1070 occul-

52 1114 96 1152 tum
113 1106 201 1150 lacinus
220 1110 361 1162 memorant,
373 1105 450 1165 ‘tnagis
464 1110 487 1149 tu
499 1111 599 1162 ,caveto‚
617 1119 682 1165 quam
699 1107 849 1151 certissimum
866 1107 912 1149 ini-

52 1188 141 1243 micum,
160 1187 197 1244 qui
215 1185 262 1229 odii
278 1185 313 1229 sui
327 1190 352 1228 et
369 1185 418 1228 irae
434 1184 536 1230 habenas
551 1185 669 1232 laxaverit.
709 1188 795 1245 „Saepe
812 1187 910 1231 imitatur

52 1269 193 1313 mendacium
210 1268 328 1312 veritatem
343 1271 366 1311 et
382 1266 427 1310 uisi
438 1264 541 1311 habuerit
559 1267 655 1325 aliquam
671 1268 727 1311 recti
739 1267 912 1322 similitudinem,

52 1350 158 1407 decipere
175 1361 221 1392 nou
237 1351 312 1406 potest
327 1348 475 1392 introceutes“
497 1349 528 1403 ¹).
560 1347 671 1391 Gellertus
688 1347 799 1393 eiusmodi
816 1347 913 1407 elegan-

52 1430 132 1477 tissimi
149 1428 316 1474 calumniatoris
332 1427 453 1486 imaginem
469 1426 564 1472 fideliter
579 1428 679 1487 depinxit
694 1433 723 1484 2).

115 1511 167 1555 Post
182 1510 224 1554 has
239 1507 317 1554 laudes
333 1509 407 1567 pergit
422 1507 558 1553 Perronius:

146 1590 209 1649 „Non
224 1589 284 1635 idem
300 1589 364 1647 (quid
372 1589 395 1646 ?)
414 1588 458 1633 diei
474 1594 549 1648 potest
565 1589 593 1635 de
610 1588 695 1649 agendi
711 1588 819 1644 ratione,
845 1600 910 1646 qttam

147 1670 248 1716 nonnulli
263 1683 341 1715 eorum
357 1673 408 1728 post
425 1670 559 1715 sententiam
578 1684 592 1715 a
614 1683 633 1715 s.
657 1669 712 1715 sede
729 1669 797 1713 latam
814 1668 913 1728 ingressi

146 1756 207 1797 suut.
238 1751 294 1796 Nam
311 1754 429 1808 postquam
446 1762 460 1794 a
475 1750 547 1809 primo
563 1754 652 1796 terrore
666 1751 847 1809 respiraverant,
861 1749 913 1808 plu-

147 1845 185 1877 res
204 1844 233 1875 cx
254 1829 298 1875 illis
316 1829 425 1875 laudabili
449 1830 565 1875 docilitate
587 1830 639 1876 lruic
665 1830 758 1875 decreto
778 1815 844 1888 plane
862 1841 915 1873 sese

147 1912 307 1966 subiecerunt3
323 1911 393 1955 ceteri
413 1915 486 1955 autem
504 1913 554 1956 vias
569 1910 666 1956 inierunt
676 1914 789 1955 tortuosas
804 1914 914 1969 egerunt-

148 2004 192 2050 que
208 2004 266 2048 qaae
283 2002 357 2048 poena
375 1990 444 2048 digna
460 1994 544 2034 essent.
586 1991 640 2034 Cum
657 1989 795 2034 adversariis
811 1990 858 2034 suis
876 1992 915 2033 ni-

148 2071 190 2115 mis
202 2067 328 2128 cornplicati
340 2072 404 2113 erant
417 2072 439 2112 et
450 2068 516 2112 nimis
529 2081 598 2128 aegre
616 2068 792 2113 humiliationem
804 2068 915 2124 serebant,

150 2164 216 2210 quam
231 2149 318 2208 experti
335 2151 404 2200 sunt,
427 2158 477 2190 cum
494 2145 619 2192 doctrinam
635 2160 698 2195 suam
711 2147 861 2203 proscriptam
878 2148 916 2190 ui-

149 2231 236 2286 derunt,
253 2228 316 2274 cuius
331 2229 376 2270 tam
394 2226 469 2270 severi
484 2225 586 2270 vindices
603 2225 700 2269 fuerant.
730 2225 806 2271 Animi
823 2227 915 2285 magni-

149 2309 202 2356 tudo
221 2314 243 2355 et
258 2307 358 2363 altitudo,
375 2319 441 2365 quam
457 2306 540 2352 Fenelo
557 2306 664 2364 ostendit,
681 2318 737 2350 sane
754 2305 812 2363 apud
830 2319 916 2365 paucos

149 2389 301 2448 agnoscitur.“

118 2470 180 2516 llaec
196 2467 316 2515 Perrouius
325 2482 332 2523 ;
349 2477 391 2510 nos
406 2464 501 2523 primum
519 2464 547 2509 de
563 2465 671 2521 „ceteris
689 2466 745 2522 illis,
762 2466 871 2524 deinceps
887 2466 916 2510 de

57 2551 182 2609 „pluribus“
199 2548 307 2591 dicemus.
339 2546 460 2590 Petronius
475 2545 542 2603 igitur
560 2542 661 2603 affirmat⁷
680 2558 721 2590 eos
739 2548 776 2605 qui
790 2546 914 2591 Breviuon

57 2632 123 2692 plane
139 2644 165 2676 se
182 2628 332 2674 subiecissent
347 2627 407 2671 viam
427 2630 552 2671 tortuosam
568 2626 661 2670 inivisse
679 2632 744 2684 atque
760 2629 836 2685 egisse
853 2640 910 2685 quae

58 2726 133 2772 pecua
151 2711 218 2769 digua
236 2711 319 2752 esseut.
362 2704 411 2757 Quo
434 2704 483 2749 iure
504 2705 624 2750 l‘errouius
646 2705 690 2750 hoc
713 2705 785 2750 dicit?
827 2704 853 2750 ln
871 2704 914 2750 hac

59 2793 192 2850 quaestione
203 2789 291 2848 paulum
303 2786 458 2845 subsistemus,
470 2788 558 2831 etiamsi
567 2786 673 2831 nonnulla
684 2791 787 2844 repetere
797 2799 913 2845 cogamur.

61 2917 138 2928 Νη.-

101 2997 120 3048 t)
137 2995 156 3032 S.
170 2995 284 3042 llieronym.
299 2991 320 3028 in
333 2991 404 3028 Ierem.
419 3004 435 3027 c.
454 2989 483 3027 13,

99 3066 120 3118 2)
135 3064 181 3102 Vid.
194 3064 302 3116 Ingenium
318 3060 467 3112 elegantissimi
481 3059 639 3098 calumniatoris
662 3058 684 3094 in
707 3059 808 3109 Operibus
830 3063 917 3101 Gelleffi

133 3144 182 3174 tom.
198 3136 216 3175 7.
232 3134 309 3172 Similia
324 3131 356 3168 his
370 3132 493 3168 lineamenta
509 3142 550 3166 non
569 3129 634 3166 minus
657 3129 761 3168 luculenta
782 3133 868 3171 Lamiani
888 3134 915 3170 li.

135 3206 201 3245 bellus
216 3205 306 3256 egregius
322 3203 346 3239 de
363 3202 473 3241 calomnia
487 3200 584 3239 continet.
