1979 3399
379 20 564 105 417-—

40 202 112 247 nimus
129 212 201 261 usque
216 202 245 247 ad
260 201 319 246 banc
336 199 515 246 recentissimam
532 201 638 252 aetatem,
657 206 701 252 qua
714 191 803 238 demum
818 195 902 252 evcnit,

23 286 64 327 ‘ut
88 263 131 327 una
154 293 204 327 cum
224 279 364 325 dubitatione
380 278 476 331 scientia
493 290 521 322 uo
535 276 636 335 prudens
653 274 707 320 fidel
724 287 831 320 assensus
846 287 903 333 pro-

40 363 184 408 scriberetur.
215 362 300 406 Paucas
321 359 366 403 boc
390 358 443 402 loco
463 370 548 415 easque
566 359 640 403 rninus
664 360 732 402 notas
757 355 904 400 auctoritates

41 457 71 489 ex
88 444 162 489 multis
182 439 318 500 produxisse
341 438 441 482 contenti
466 439 563 494 erimus,
586 450 659 496 neque
684 437 759 481 denuo
784 449 824 481 eas
846 436 904 481 alle-

39 535 121 578 remus,
133 534 190 580 quac
206 519 254 563 aliis
269 518 292 561 in
302 515 360 561 locis
371 514 503 573 saepissime
514 516 538 560 iu
552 518 684 562 memoriam
703 521 828 562 revocatae
844 522 903 561 sunt.

101 600 203 659 Aruplum
219 597 272 642 illud
289 608 345 655 opus
362 595 520 654 theologorum
536 587 745 655 Salrnatioensium',
768 599 804 642 cui
828 597 904 642 titulus

42 681 134 738 Collepti
151 677 320 724 Sulruuticeasa's
342 688 425 721 cursrs
448 674 602 733 tlreolopicus,
625 677 775 732 voluminibus
797 678 904 723 undecim

41 763 114 810 lerina
134 759 231 803 mamma
253 757 416 815 compositum,
438 756 475 814 qui
498 755 557 801 liber
580 755 625 801 dun
641 760 663 799 et
678 760 758 803 auctor
774 756 904 814 theologiae

41 840 196 899 Hispaniensis
212 837 291 883 haberi
306 842 396 896 potest,
415 825 506 881 cursum
521 848 585 882 suum
604 834 694 880 conficit
709 835 906 894 disputationibus,

40 919 273 979 perscrrrtationibtrS‚
289 917 475 976 quaestionibus,
491 917 604 973 articuliS,
622 916 703 961 dubiis.
736 917 848 981 Plurimae
862 930 906 962 ea-

44 1014 93 1046 rum
109 998 288 1057 disquisitionum
302 996 375 1043 dubiis
385 996 505 1041 movendis
521 997 608 1042 initium
622 997 719 1055 capiunt.
737 998 774 1044 Sic
790 997 905 1042 uolumine

42 1081 118 1138 quinto
135 1079 236 1137 quaestio
254 1077 298 1122 109
313 1077 444 1122 inscribitur
461 1077 581 1135 disputatio
602 1077 704 1122 secunda
718 1082 738 1133 ¹)
759 1077 786 1122 de
803 1077 905 1122 necesst-

42 1163 86 1204 tute
101 1157 189 1216 pru-tice
203 1170 248 1215 pro
258 1139 365 1214 operibus
379 1155 493 1200 creaturalis
509 1155 613 1214 eripiaris,
629 1169 656 1200 ae
668 1156 742 1201 statim
753 1155 826 1202 dubiis
837 1157 905 1202 motis

41 1238 192 1299 progreditur.
208 1237 284 1283 Placet
300 1236 396 1296 exempli
412 1236 485 1295 gratia
502 1249 529 1281 ea
543 1236 589 1283 huc
605 1236 773 1283 transcribere:
857 1236 859 1238 ’

401 1317 497 1361 Dubium
524 1317 545 1360 1.

84 1456 87 1461 Ι
104 1387 180 1442 Utrum
186 1396 253 1441 bomo
260 1395 361 1456 indigeat
367 1395 475 1455 gratiaad
484 1396 772 1454 cognoscendasreritates
778 1398 905 1451 naturales?

403 1478 499 1523 Dubium
514 1478 535 1523 2.

47 1543 49 1546 ⁵
105 1558 182 1603 Utuun
203 1558 271 1603 homo
294 1558 318 1602 in
339 1563 420 1603 natura
441 1559 505 1617 lapsa
525 1558 598 1617 possit
619 1558 705 1618 absrpre
721 1560 794 1618 gratia
810 1558 903 1605 efficere

44 1639 134 1699 aliquod
153 1652 209 1699 opus
224 1638 340 1684 moraliter
353 1638 456 1683 boumn?

406 1712 503 1757 Dubium
516 1712 538 1757 3.

106 1794 183 1838 Utrum
199 1793 266 1837 bomo
279 1794 308 1837 in
324 1798 404 1839 natura
419 1808 475 1852 pura
492 1796 637 1851 constitutus⁷
655 1792 741 1836 viribus
759 1791 828 1850 ipsius
846 1806 904 1851 pos-

43 1873 73 1916 sit
92 1871 186 1931 diligere
201 1873 274 1916 Deum
295 1878 319 1917 ut
336 1885 405 1918 unum
422 1880 444 1918 et
461 1879 577 1920 auctorem
594 1872 719 1920 naturalem
738 1885 816 1919 amore
832 1876 903 1920 abso-

42 1950 97 2009 luto‚
115 1952 202 1997 ellicaci
218 1956 240 1995 et
255 1963 323 2009 super
338 1951 432 1995 omnia?

402 2026 499 2071 Dublum
516 2028 538 2070 4.

105 2104 181 2150 Utrum
207 2105 275 2150 bomo
301 2105 376 2164 lapsus
402 2105 456 2151 solis
480 2110 575 2151 nataliae
601 2106 686 2151 viribus
709 2106 782 2164 possit
806 2105 901 2165 diligere

42 2184 113 2247 Deum
129 2197 196 2243 super
213 2186 288 2229 omnia
306 2189 330 2230 ut
344 2197 411 2229 umrm
431 2190 454 2229 et
469 2189 584 2230 auctorem
601 2185 744 2231 naturalem?

402 2258 499 2304 Dubium
516 2259 538 2304 5.

104 2339 181 2385 Utrum
200 2337 268 2383 homo
290 2336 366 2396 lapsus
381 2337 453 2396 possit
472 2350 565 2384 serrare
581 2343 702 2397 praecepta
718 2339 776 2399 legas
793 2342 901 2387 naturalis

43 2417 92 2461 sine
109 2430 223 2464 coricursu
238 2417 344 2478 gratiae?

401 2491 497 2537 Dubium
513 2490 535 2540 6.

105 2571 167 2622 Quae
185 2574 257 2630 gratia
274 2575 405 2620 necessaria
420 2574 448 2618 sit
466 2578 488 2618 et
505 2573 609 2632 sufficiat,
624 2578 649 2620 ut
664 2575 736 2633 possit
751 2575 899 2637 bomolongo

43 2652 144 2708 tempore
163 2662 255 2719 serrare
273 2655 347 2698 omnia
364 2654 440 2699 diuina
454 2654 592 2715 praecepta?

402 2730 498 2774 Dubium
514 2729 536 2773 l.
776 2776 778 2779 ,

104 2803 180 2847 Utrum
205 2803 234 2847 ad
253 2806 345 2853 uitanda
364 2811 439 2855 onniia
461 2814 556 2869 peccata
571 2808 668 2855 venialia
686 2808 803 2854 collective
819 2812 899 2869 roqui-

42 2886 104 2927 ratur
119 2884 217 2942 speciale
232 2887 320 2943 gratiae
335 2890 485 2951 privilegium,
502 2895 524 2937 et
539 2891 575 2936 cui
592 2889 657 2935 fuerit
673 2889 827 2935 concessum?

39 2972 264 2983 Ὰ--ῇψ--κ

80 3015 99 3064 1)
115 3015 201 3064 Collain
213 3015 362 3057 Salnraticensis
371 3022 392 3061 F.
402 3022 423 3060 F.
435 3022 603 3059 Discalceatorum
611 3019 687 3056 Mariae
698 3018 723 3055 de
734 3025 803 3057 monte
814 3020 899 3060 Carmeli

119 3086 232 3133 primitivae
246 3085 387 3127 observantiae
397 3104 465 3129 cursus
475 3092 492 3130 T
494 3091 615 3140 lieologlcus.
635 3087 670 3125 Ed.
679 3090 775 3139 Lugdun.
788 3093 846 3130 loto.
855 3106 898 3145 sqq.

120 3153 147 3192 Xl
162 3155 235 3196 volum.
249 3155 313 3194 ferina
328 3169 379 3197 inan.
407 3202 412 3207 s

731 3239 749 3288 2
