1979 3399
401 35 584 89 ..41..

64 190 129 238 quum
145 175 168 222 id
184 190 261 237 parum
278 180 325 226 est!
352 192 464 241 nurnepram
481 193 534 241 ego,
552 178 702 239 qualicunque
718 177 806 223 deinum
826 176 922 234 rationo,

64 258 116 303 dum
140 260 212 304 nieum
233 260 299 305 fidem
324 261 397 306 doceo
422 266 488 320 atque
507 260 622 319 (defendo,
643 259 831 306 existimationem
852 258 922 317 ittam,

64 352 121 397 quae
143 340 235 386 aliorum
257 341 309 386 fidei
326 341 435 397 debetur,
452 342 550 387 violabo.
582 343 655 401 Siquis
670 355 711 401 per
729 341 808 401 uiginti
826 340 920 399 amplius

63 432 135 465 annos
153 423 258 467 continuo
276 421 400 466 elaboravit
416 421 444 466 ad
460 422 630 479 persuasionem
652 422 776 481 parandam
798 420 918 480 solideque

35 536 42 558 ;
62 500 201 558 probandum
218 514 296 547 eoram
313 500 417 546 trilumati
433 501 534 558 rationis,
551 506 572 546 et
589 502 657 561 siquis
673 504 696 547 in
714 503 759 549 hoo
776 504 870 563 negotio
887 506 921 547 tot

62 582 112 627 rius
137 595 150 625 a
175 594 231 626 uero
255 582 402 626 deflectentes
418 586 440 625 et
457 580 568 625 interdum
585 585 629 625 tarn
642 581 733 626 strltaces
752 582 915 641 deprehendit:

62 663 145 708 totlitur
163 664 236 707 omnis
252 662 353 725 sustusff)
372 667 394 706 et
409 662 480 707 onmis
493 666 573 719 tumor,
590 664 627 720 qni
646 662 697 706 sons
709 662 864 709 intolerantiae
874 669 917 723 est,

59 780 265 789 m*

102 843 121 896 1)
136 845 171 882 Pro
193 844 286 890 „totlitur
305 846 371 883 omnis
391 846 473 893 fastu&
492 844 598 882 Petronius
623 845 651 880 ita
671 842 751 880 scribit:
771 843 787 879 si
802 842 883 892 diiegua
897 842 919 880 iu

138 915 168 951 lui
181 916 232 966 ogni
245 915 358 953 oscor-true
386 914 468 952 Adeone
483 927 555 951 vanum
571 921 592 952 et
606 915 683 951 fatuum
697 912 799 950 hominem
813 913 918 950 credamus

138 985 265 1022 Hermesiunr
281 986 352 1033 fnisse,
367 991 390 1023 ut
403 985 528 1038 praedicaret
543 985 567 1023 de
581 999 615 1031 se,
630 985 705 1022 factum
720 997 762 1021 esse
778 984 803 1022 20
818 996 919 1021 annornm

138 1055 220 1101 studiis,
237 1048 259 1092 nt
275 1057 381 1094 tolleretur
395 1058 416 1095 in
430 1058 475 1107 ipso
487 1060 557 1100 ¹orum's
573 1057 699 1098 obscuritas.
713 1061 737 1094 ut
750 1055 803 1092 nihil
816 1055 918 1105 reliquum

136 1127 227 1164 esset-ad
242 1127 391 1178 indagandum,
411 1133 447 1165 aut
464 1128 537 1165 clarius
555 1127 725 1176 intelligendum?
743 1125 914 1163 Hermesiirerba

136 1196 186 1234 haec
200 1204 257 1236 sunt:
278 1212 313 1245 „so
332 1199 478 1238 nerschsvindet
491 1200 545 1237 atter
558 1196 676 1237 ostentent
704 1198 750 1235 Nou
763 1197 824 1245 vidit,
845 1198 880 1249 qui
894 1209 919 1236 ea

136 1267 197 1305 verba
206 1269 270 1306 latine
279 1283 373 1308 conversa
383 1271 477 1308 Perronio
487 1269 632 1320 suppeditavit,
641 1269 748 1306 fidissimus
762 1280 810 1306 sane
824 1279 917 1317 pragma-

135 1338 200 1385 ticus,
215 1340 297 1390 paulurn
313 1342 367 1379 inter
381 1354 402 1379 se
417 1342 497 1379 differre
512 1343 566 1381 aller
578 1340 684 1387 Duenlrel,
705 1339 727 1376 id
747 1345 779 1376 est
798 1339 864 1376 omnis
877 1337 914 1387 fa·

134 1419 176 1448 stus
191 1424 206 1446 s.
222 1412 287 1450 niuria
302 1411 326 1458 de
340 1425 362 1451 se
376 1413 419 1464 ipso
435 1414 521 1464 opinio,
541 1418 562 1449 et
580 1413 632 1449 atter
648 1409 741 1456 Dunlrel,
761 1408 783 1444 iu
803 1413 833 1445 est
850 1407 918 1446 omnis

135 1479 255 1519 obscuritas.
283 1482 329 1519 Non
342 1481 407 1529 uidit,
427 1482 548 1519 vocabulum
562 1480 657 1520 Duenlrel
671 1494 711 1519 una
725 1480 794 1518 littera
810 1479 917 1516 ‹lifferrea

113 1576 115 1579 -
135 1550 228 1599 Dunlrel3
249 1564 290 1589 non
310 1553 372 1598 vidit,
393 1554 448 1603 prius
466 1552 586 1590 vocabulum
606 1565 649 1590 esse
668 1551 774 1588 masculini
793 1548 872 1599 generis
894 1552 916 1586 et

136 1628 242 1671 propterea
249 1623 374 1660 Hermesinm
382 1624 483 1676 scripsisse
493 1624 571 1676 aliems)
581 1623 682 1668 Duenired
693 1621 795 1673 posterius
805 1632 852 1656 uero
872 1632 916 1656 esse

61 1700 63 1705 ’
91 1723 92 1727 ,
136 1691 228 1728 neutrius
247 1695 336 1743 generis,
357 1700 379 1731 nt
400 1695 440 1731 dici
462 1708 503 1732 non
517 1695 581 1745 possit
594 1696 646 1733 ulter
659 1693 743 1733 Durrtet
759 1692 794 1729 sed
808 1691 918 1728 dicendum

136 1760 163 1797 sit
179 1763 236 1800 attes.
253 1785 276 1792 -
295 1764 357 1802 Paulo
373 1771 432 1812 ante,
451 1765 485 1802 ubi
504 1778 541 1803 nos
562 1778 605 1801 curn
621 1764 724 1801 Hernresio
745 1762 852 1799 dedimus:
871 1767 919 1808 „rot

135 1834 178 1869 vias
196 1845 208 1868 a
228 1845 275 1870 vero
296 1833 428 1872 deflectentes
451 1841 472 1873 et
491 1833 594 1874 interdum
613 1835 735 1881 (miluum)
754 1837 795 1869 tam
810 1831 917 1879 fallaces-u,

136 1901 243 1939 Perronins
257 1904 289 1940 uel
300 1905 368 1953 potins
383 1904 490 1942 fidissimus
501 1905 544 1941 eins
558 1904 692 1955 prugmaticus
703 1902 814 1953 suppressit
827 1903 919 1940 voculam

137 1973 255 2021 interdum
277 1987 322 2010 narn
343 1975 371 2011 ita
388 1976 423 2012 iile
438 1977 510 2012 vertit:
529 1975 576 2020 „det
598 1974 648 2011 tanti
664 1974 771 2022 sntterfugi
787 1972 824 2009 che
839 1971 882 2009 r'lra
896 1979 918 2011 et

136 2047 192 2078 tanto
207 2043 356 2092 ingannevoli.“
372 2068 398 2073 —
412 2046 502 2094 Longum
516 2052 676 2082 est-enumerare
692 2045 765 2087 omnia,
780 2055 832 2093 quae
846 2045 917 2080 eGer-

134 2111 213 2149 uranico
229 2120 264 2150 aut
277 2127 346 2164 parum
361 2121 452 2151 accurrate
468 2120 503 2151 aut
516 2114 601 2165 pessime
617 2115 639 2150 in
654 2115 739 2151 tatinum
753 2126 849 2150 conversa
865 2115 913 2151 Per-

135 2183 205 2219 ronius
229 2185 320 2234 profert5
343 2184 378 2220 sed
401 2198 462 2221 unum
484 2193 552 2223 tamen
573 2185 687 2235 exemplum
708 2184 819 2235 adiungere
839 2187 913 2236 piacet.

135 2252 249 2291 Hermesius
269 2256 291 2292 in
310 2255 462 2293 Introductione
482 2255 623 2308 philosophica
642 2269 686 2307 pag.
700 2256 725 2293 81
745 2257 779 2307 (ex
795 2256 835 2294 uda
855 2256 914 2308 edit.)

137 2326 231 2363 veritaris
244 2327 348 2362 notionem
362 2327 390 2362 ita
406 2326 489 2372 definit,
509 2333 531 2363 ut
544 2329 631 2378 positam
646 2340 689 2364 esse
703 2327 757 2364 dicat
770 2328 791 2363 in
804 2327 916 2373 „convent-

136 2395 190 2431 entia
206 2400 231 2440 (s.
247 2398 354 2448 consensu)
374 2398 494 2446 cognitionis
508 2410 552 2434 cum
566 2411 587 2434 re
603 2398 703 2447 cognita“·
731 2398 870 2449 Reprehendit
884 2410 917 2434 re-

136 2466 236 2503 centiores
254 2467 351 2516 quosdam
369 2467 516 2517 philosophos,
535 2468 557 2505 id
573 2475 604 2506 est
616 2475 683 2505 autern
696 2470 824 2519 potissimum
836 2470 916 2523 'scepti-

127 2536 191 2577 ‚cisrni
208 2542 229 2573 et
249 2537 350 2574 idealisrni
371 2537 472 2584 sarrtores,
490 2540 526 2590 qni
543 2539 595 2577 irunc
607 2542 697 2578 veritatis
712 2543 818 2579 notionem
833 2541 914 2577 missam

135 2605 227 2642 fecerint.
254 2607 333 2661 Monet,
348 2622 391 2645 earu
408 2610 490 2648 omniuo
506 2610 632 2648 retinendam
648 2625 697 2658 esse,
711 2625 753 2650 non
766 2618 844 2649 tantum
859 2610 913 2662 quod

134 2677 177 2713 sota
191 2689 234 2712 cum
252 2680 354 2716 cornmuni
368 2680 467 2730 loquendi
484 2694 520 2717 usu
536 2682 650 2733 conspiret,
671 2681 707 2719 sed
726 2684 812 2719 manime
831 2682 868 2718 hac
887 2681 912 2716 de

135 2759 202 2790 causa,
217 2747 264 2797 qnia
277 2749 358 2787 veritas
373 2751 409 2786 ilto
423 2762 483 2788 sensu
497 2759 579 2804 accepta
593 2751 673 2797 habeut,
688 2753 743 2804 quod
754 2753 912 2804 uniuscuiusque

134 2815 221 2852 hominis
237 2816 323 2863 intersit,
340 2833 401 2870 anrm
417 2834 427 2857 e
443 2822 542 2858 contrario
556 2821 608 2858 nihil
620 2821 707 2867 habeat,
722 2822 777 2873 quod
789 2823 879 2867 intersit,
894 2824 912 2866 si

134 2888 197 2925 atium
219 2899 298 2923 sensum
318 2888 343 2924 ab
358 2891 395 2927 itto
410 2893 545 2929 essentialiter
559 2892 658 2929 diversum
674 2894 806 2944 posuerimus.
833 2894 913 2932 Deinde

134 2957 247 2994 Hermesius
262 2960 349 2996 occurrit
363 2960 480 3000 obiectioni.
501 2965 562 3015 „Ipsa
572 2964 615 3009 itta,
629 2963 702 3013 inquit,
717 2963 812 3009 obiectio,
827 2964 913 3004 fortasse

134 3027 293 3065 indissolubilis:
316 3028 443 3081 impossibile
466 3046 509 3072 esse
529 3034 657 3079 hominihus,
678 3034 712 3084 qui
732 3034 848 3073 immediate
871 3051 913 3075 non

133 3100 213 3145 possint
227 3098 398 3150 comprehendere
414 3105 549 3154 cognoscendi
563 3104 655 3149 obiecta,
676 3116 741 3154 nsque
761 3117 786 3143 eo
802 3108 913 3158 perducere

133 3169 267 3218 cognitionem
278 3183 340 3218 suam,
356 3178 379 3210 ut
392 3174 418 3212 ud
433 3175 497 3222 istan,
513 3188 564 3230 quae
578 3175 659 3228 proprie
674 3187 716 3213 non
732 3176 802 3217 differt
814 3178 840 3218 ab
854 3179 913 3219 obie-
