1979 3399
84 179 202 226 sitiebatur
216 180 283 227 homo
301 181 367 239 plane
384 180 471 241 ineptus
488 184 510 225 et
527 176 682 234 ridiculus1),
703 171 762 234 (prod
779 170 884 218 audiebat
897 184 941 218 so-

80 262 167 321 phista,
192 261 252 320 rpuod
275 263 411 321 arguebatur
433 264 498 306 etiam
517 274 568 305 esse
589 262 708 316 corruptor
723 254 851 300 iuventutis.
883 253 939 299 Per-

82 342 159 386 ronius
175 371 205 377 κ
229 355 280 386 nam
305 346 382 399 aperte
407 340 525 385 dicendum
544 343 578 383 est
593 367 624 375 -
641 338 679 397 qui
694 335 824 381 methodum
843 334 941 380 Herme-

80 423 166 468 sianam
178 436 269 481 prorsus
283 421 391 480 repletam
402 422 456 466 artis
468 422 597 466 Socraticae
614 420 706 479 ingenio
725 417 868 472 condemnat,
883 415 939 459 Per-

82 506 168 561 ronius‚
186 504 283 562 inquam⁷
299 503 319 548 si
335 503 378 547 sibi
396 506 527 548 constanter
545 514 613 560 agore
629 501 698 555 uolet,
714 499 806 544 omnino
824 496 938 542 accedere

81 582 150 627 debet
166 582 194 627 ad
211 586 286 641 partes
303 594 390 638 eorum,
405 580 443 641 qui
460 581 575 627 Socratem
592 578 731 626 damnarunt,
763 579 875 624 Excitavit
892 577 936 623 de-

80 663 165 709 sideria
187 664 310 721 Socrates,
335 663 442 709 excitarit
465 663 532 707 etiam
548 659 686 705 Hennesius.
727 659 799 704 Causa
820 661 935 718 utriusque

80 743 146 802 plane
158 744 236 789 similis
252 749 293 790 est.
325 744 464 789 llerrnesium
483 742 603 788 remeans
622 739 701 784 irridet
716 743 739 782 et
755 738 851 782 damnat.
882 740 939 786 Num

43 845 45 848 ·
80 823 194 868 recusabit
214 824 310 868 irridere
333 829 400 882 atque
421 823 528 868 damnare
545 820 675 868 Socratem!
700 818 745 864 Sed
760 819 839 863 irridet
854 819 939 864 Porro-

80 905 130 950 nius
151 903 285 963 danmatque
309 904 378 961 illud,
398 905 461 949 cuius
481 904 527 948 rim
544 907 566 947 et
582 900 741 960 praestantiam
757 912 850 957 prorsus
865 900 936 959 igno-

81 998 133 1030 rare
150 985 251 1041 ridetur3
276 990 337 1030 certe
355 987 379 1030 in
396 985 499 1030 omnibus
516 985 564 1029 eius
585 983 649 1028 libris
669 994 699 1025 ne
719 980 834 1026 lerissima
850 980 939 1039 quidem

81 1064 135 1110 artis
149 1064 279 1110 Socraticae
297 1065 393 1125 vestigia
409 1065 557 1123 reperiuntur.
625 1120 627 1123 Ι

80 1196 82 1200 ¹
142 1144 261 1188 Perronius
278 1145 316 1189 ubi
332 1146 355 1189 in
372 1158 400 1189 eo
417 1149 464 1201 est,
487 1149 510 1189 ut
527 1147 658 1203 argumenta
675 1141 704 1187 ad
720 1155 783 1187 suam
801 1142 830 1186 de
846 1141 937 1186 dubita-

24 1251 27 1260 .
80 1225 142 1269 tione
152 1225 299 1271 llermesiaua
308 1214 441 1270 sententiam
455 1224 630 1270 eorrhrmandam
640 1231 763 1280 enumeret,
780 1224 855 1282 plures
869 1224 936 1267 etiam

81 1306 164 1350 excitat
179 1306 257 1363 locos,
282 1307 319 1366 qui
340 1309 413 1366 magis
434 1309 547 1365 pertinent
564 1307 593 1350 ad
610 1307 724 1351 criterium
749 1305 890 1350 certitudinis
908 1306 935 1348 ab

80 1387 198 1431 llerrnesio
219 1390 322 1446 positum.
354 1388 469 1432 Eiusmodi
490 1388 590 1444 illaesi,
616 1400 680 1446 quem
704 1388 727 1430 in
749 1388 857 1446 pauciora
876 1397 936 1430 con-

79 1471 172 1511 tractum
188 1480 218 1511 ex
234 1469 373 1526 praelatione
390 1468 563 1513 Introductionis
575 1468 731 1526 Philosophiae
741 1468 860 1512 Pcrronius
876 1479 934 1525 pro-

79 1547 142 1605 ponit
157 1560 207 1606 pag.
224 1546 276 1593 349.
309 1549 424 1594 Postrema
439 1549 518 1605 verba,
536 1549 609 1607 aliqua
625 1553 729 1608 exparte
745 1548 839 1593 cursivis
856 1547 936 1592 litteris

79 1640 94 1671 a
110 1627 217 1673 Penonio
238 1630 336 1688 scripta,
351 1629 408 1673 hace
426 1634 490 1674 sunt:
514 1632 621 1691 „linoque
636 1632 728 1677 hlasofb
746 1630 850 1687 (Ermes)
866 1631 896 1676 da
912 1643 937 1675 se

42 1727 45 1742 r
79 1710 138 1769 solo,
154 1712 226 1757 fermo
243 1711 266 1756 di
277 1725 324 1758 non
336 1715 477 1758 aneneettere
492 1710 562 1759 nullo
575 1726 644 1758 corne-
654 1711 723 1758 reale
738 1727 752 1758 o
769 1726 826 1758 cero
841 1709 879 1769 fin,
892 1711 936 1757 che

79 1796 153 1851 poteo
170 1790 282 1840 dubitare
305 1818 333 1825 —-
356 1791 431 1849 itaque
447 1790 661 1849 philosophabatur,
673 1803 714 1849 per
730 1805 755 1835 se
774 1792 830 1848 ipse,
847 1803 934 1848 propo-

79 1871 145 1914 situm
160 1876 239 1914 tenens
256 1870 312 1914 reiicit
332 1885 377 1928 pro
394 1876 444 1915 roto
462 1877 483 1915 et
498 1885 553 1915 cero
573 1871 685 1925 lreabende',
709 1871 815 1928 pacandae
832 1871 936 1915 derbitore

78 1956 176 2008 passaw
208 1950 243 1995 Ex
254 1952 335 1995 eodem
350 1966 436 2011 genere
450 1957 485 1997 cst
499 1951 563 1997 locus
574 1967 586 1996 a
597 1953 704 1996 Perronio
724 1952 801 1996 allatus
811 1966 862 2012 pag.
875 1948 935 1999 343:

81 2032 113 2087 „n
129 2034 154 2077 in
170 2036 227 2078 tarn
243 2036 323 2094 questi
339 2034 419 2080 laceri
442 2035 473 2079 ha
493 2035 607 2093 adempito
626 2036 663 2078 nel
680 2036 746 2079 modo
766 2036 783 2078 il
808 2035 848 2093 pih
871 2048 935 2079 scru-

79 2113 160 2170 puloso
172 2113 189 2156 il
205 2115 377 2172 proponimento
393 2114 418 2160 di
435 2114 547 2161 debitore
565 2115 595 2160 da
613 2129 655 2174 per
671 2120 730 2160 tutto
748 2115 789 2158 che
807 2116 835 2159 ha
853 2119 933 2173 potato

81 2193 161 2237 esolo
178 2193 254 2237 allora
272 2193 432 2239 determinarsi
449 2194 655 2252 definitivarnente,
674 2195 764 2255 quando
784 2197 837 2254 pete
860 2195 933 2239 dimo·

80 2276 156 2318 strare
175 2287 222 2318 una
240 2271 353 2319 casolata
369 2277 494 2321 necessita
516 2273 584 2321 dello
598 2277 698 2334 cepione
719 2276 747 2320 ad
766 2290 812 2320 uua
829 2274 935 2319 determi

80 2353 178 2399 nacione
195 2353 242 2399 cosi
258 2355 319 2399 latta
336 2380 367 2387 —
383 2351 411 2396 Et
426 2351 450 2396 in
466 2352 501 2397 bis
518 2352 620 2397 erunibus
636 2352 752 2398 laboribus
768 2353 823 2397 arceis
840 2354 936 2411 religio-

81 2430 170 2477 sissime
189 2431 250 2476 tenui
265 2433 402 2490 propesitum
424 2438 468 2478 tam
485 2433 522 2478 diu
543 2432 688 2491 elrrbitondi2)
705 2448 770 2492 qrram
785 2434 833 2478 lieri
850 2439 934 2492 posset,

81 2525 109 2555 ac
130 2516 175 2555 tum
196 2511 283 2556 demum
301 2513 384 2573 aliquid
402 2519 464 2559 certo
488 2514 625 2573 [definitive]
644 2515 797 2573 decernendi,
815 2516 851 2560 ubi
868 2528 935 2559 mon-

61 2720 63 2723 ,
123 2673 142 2725 1)
157 2671 242 2710 Theaet.
257 2674 356 2723 papien.
372 2677 407 2712 n:
428 2677 472 2720 „Ne
494 2677 568 2726 prodas
585 2690 616 2713 me
637 2678 692 2728 apud
711 2684 798 2724 ceterosg
819 2679 869 2727 fugit
883 2677 936 2713 enim

161 2756 202 2789 eos,
216 2743 314 2781 mehanc
327 2751 396 2784 tenere
412 2753 486 2793 artem,
500 2748 533 2785 isti
548 2760 607 2794 vero,
623 2748 698 2799 qnippe
712 2749 838 2791 nescientes,
854 2748 875 2783 id
890 2748 936 2798 qni.

162 2816 208 2852 dem
220 2828 261 2856 non
278 2815 349 2855 ‹licunt
363 2818 387 2854 de
401 2832 446 2865 me,
467 2819 505 2857 hcc
523 2827 603 2867 autern,
621 2832 652 2856 nie
671 2833 715 2864 esse
730 2820 876 2870 ineptissimum
892 2817 938 2865 (dre

159 2886 182 2925 δὲ
197 2886 330 2929 strenuitates
346 2892 421 2940 εἰμι),ιι
435 2913 459 2921 -
476 2892 550 2928 Confer
565 2893 587 2928 in
603 2891 685 2928 eandem
700 2904 740 2927 rem
755 2891 854 2940 Syruposii
869 2891 938 2927 locum

160 2959 265 3007 insignem,
279 2959 315 3010 qui
329 2967 384 2998 estat
395 2974 441 3014 pag.
456 2964 494 3001 221
510 2963 531 3000 in
549 2965 589 3001 fine
607 2962 729 3000 laudationis
749 2961 831 2998 thabitae
852 2961 878 2999 ab
902 2963 937 2999 hl·

93 3031 95 3033 ’
162 3030 248 3067 cibiade.

121 3100 142 3153 2)
158 3100 181 3138 ld
195 3109 237 3148 est,
252 3100 339 3138 tamdiu
354 3115 395 3140 non
408 3111 466 3148 certo,
478 3104 580 3145 statuendi
595 3103 686 3154 aliquid,
708 3107 749 3141 tarn
770 3104 806 3143 (1111
820 3105 935 3144 abstinendi

160 3183 172 3207 a
185 3178 239 3211 certa
254 3172 283 3211 rei
297 3170 407 3212 (lesinione.
451 3176 453 3180 “
549 3173 551 3176 ’
