1979 3399
358 64 559 128 ⁴--eoa-

28 223 150 281 querentur
167 234 180 266 a
197 220 313 266 Clemente
331 220 435 280 Augusto
452 224 540 266 cautum
556 224 598 265 est.
631 212 825 273 Quemadmodum
842 215 890 260 vir-

28 306 96 346 tutem
113 298 186 360 gloria
204 301 330 359 comitatur,
347 302 378 346 ita
390 300 485 361 gloriam
497 298 630 345 obtrectatio
643 302 710 358 atque
724 296 791 360 livor.
808 294 891 341 Utrae-

27 393 70 440 epure
86 381 225 426 Hermesium
242 384 427 436 antecesserant,
453 378 492 424 ubi
513 378 611 424 Seberus
628 382 650 424 et
671 376 890 424 Windisclrmannus

28 461 152 506 conrnnmis
172 448 272 504 laetitiae
288 460 411 518 participes
434 470 486 502 esse
503 458 628 502 noluerunt.
667 457 740 503 Aucta
756 462 791 502 est
808 458 889 503 obtre-

27 542 131 586 ctationis
146 537 289 596 invidiaeque
311 540 355 594 vis,
381 550 447 595 qrrunr
462 535 591 580 llcrrnesius
606 536 698 582 Bonnae
719 550 799 582 nrunus
823 550 887 582 suurn

27 621 154 678 auspicatus
172 621 213 661 est.
253 617 308 662 Nam
333 615 526 674 exspectationem
543 628 608 672 quam
629 617 767 660 excitaverat
782 630 827 662 non
845 630 888 663 so-

26 700 70 745 lum
85 697 192 756 implevit,
210 694 250 740 sed
260 697 381 754 superavit,
399 696 428 739 ita
445 700 469 739 ut
485 694 549 739 brevi
566 699 665 752 tempore
682 708 765 740 nomen
784 697 832 740 eius
845 709 887 755 per

27 786 95 826 totam
113 777 254 822 Germaniam
272 775 425 819 illustraretur.
458 773 559 819 Seberus
577 772 695 818 directoris
711 775 821 833 gprnnasii
833 788 885 820 mu-

26 873 81 905 nerc
97 858 158 918 quod
173 858 242 915 ipsius
260 857 366 914 auspiciis
378 855 487 900 Coloniae
499 854 581 909 floruit,
598 858 716 912 antequam
726 855 824 899 Bonnam
842 856 885 900 ad-

27 942 162 985 scisceretur
181 938 274 996 egregie
297 934 428 994 perfunctus
454 938 520 989 erat,
542 945 599 990 quac
621 945 658 976 res
683 933 724 990 ipsi
746 945 792 977 non
807 947 884 993 parum

27 1019 100 1064 lamae
117 1022 139 1062 et
160 1016 299 1062 auctoritatis
322 1014 412 1058 adiecit.
455 1013 530 1066 Quare
548 1024 620 1071 regno
638 1015 673 1057 cui
691 1019 823 1058 assueverat
838 1028 885 1058 non

26 1099 96 1144 solum
113 1098 189 1157 iniquo
206 1099 280 1142 animo
300 1081 383 1150 caruit,
398 1092 518 1139 sedetiam
535 1086 661 1151 aegerrime
682 1094 730 1138 tulit
745 1106 771 1137 se
786 1092 885 1137 Herme-

26 1180 60 1224 sio
76 1178 179 1237 collegae
203 1189 244 1221 suo
268 1188 314 1219 non
339 1187 415 1232 parem
438 1173 510 1231 putari
531 1176 552 1216 et
568 1172 680 1217 Hermesii
696 1173 768 1232 gloria
789 1173 883 1218 claritati

25 1271 79 1303 snae
102 1258 209 1303 tenebras
231 1256 319 1301 obduci.
360 1254 575 1300 tvtndiscnmannus
599 1258 678 1298 contra
694 1255 834 1299 llermeslum
855 1266 884 1298 ea

25 1337 97 1382 moliri
114 1350 161 1382 non
178 1336 260 1393 omisit,
276 1335 373 1393 adquae
390 1348 440 1378 eum
455 1338 534 1379 natura
552 1347 593 1378 sua
607 1334 699 1392 impulit.
722 1336 749 1381 Ut
765 1334 824 1378 dicta
839 1334 884 1378 do-

28 1418 136 1462 cumentis
152 1417 282 1476 probemus,
295 1415 368 1459 locum
380 1427 409 1458 ex
426 1414 519 1471 epistola
538 1413 717 1458 commendatitia
734 1414 816 1459 afferre
831 1414 882 1473 pla-

26 1502 76 1553 cet,
98 1511 164 1556 quam
184 1509 243 1541 anno
261 1495 320 1540 1890
344 1495 365 1539 d.
381 1494 410 1540 29
426 1510 454 1539 m.
471 1495 544 1542 llartii
559 1508 636 1542 comes
659 1497 687 1541 de
703 1497 793 1557 Spiegcl
810 1497 882 1542 deca-

24 1589 65 1620 nus
83 1576 176 1634 Capituli
191 1576 376 1621 lllonasteriensis
394 1565 494 1633 scripsit(
507 1576 594 1634 Scalpta
611 1582 645 1621 est
663 1576 691 1620 ad
708 1578 794 1634 imperii
809 1577 882 1621 conri-

26 1658 70 1699 tem
88 1655 116 1700 de
132 1654 334 1711 solestanum,
350 1667 421 1713 penes
439 1668 504 1713 quem
521 1660 566 1700 tum
584 1660 632 1700 erat
649 1669 734 1701 summa
749 1657 881 1714 provinciae

24 1735 146 1780 Rhenanae
164 1740 186 1780 et
201 1732 353 1779 universitatis
368 1732 495 1778 Bonnensis
512 1734 664 1793 regundarum
679 1746 733 1779 cura
751 1738 817 1792 atque
837 1746 883 1792 po-

25 1819 100 1860 testas.
364 1818 365 1821 ’

297 1945 386 2004 Imperii
403 1959 479 1991 comes
496 1947 652 2004 illustrissime,

215 2026 346 2085 prouinciae
362 2025 484 2070 Rhenanae
502 2039 588 2071 suurme
604 2027 773 2074 administrator

396 2105 571 2151 honoratissime
582 2107 588 2150 l

115 2213 256 2290 „Hermastus
275 2229 309 2273 vir
324 2227 408 2286 probus
424 2241 451 2273 ac
467 2229 547 2273 sollers
564 2228 669 2286 idemque
685 2241 731 2273 non
745 2229 817 2273 miuus
835 2229 880 2273 tru-

115 2310 221 2356 manitatc
244 2320 309 2366 quiam
325 2306 414 2366 publice
432 2307 531 2352 docendi
553 2307 658 2353 facultate
680 2314 812 2366 praestans,
836 2323 880 2354 cu-

118 2391 153 2435 ius
170 2403 199 2433 en
214 2388 270 2434 rulre
285 2387 458 2433 lllonasteriensi
469 2388 572 2433 discessu
586 2388 667 2433 litteris
683 2388 714 2433 ibi
729 2389 817 2447 publice
831 2395 881 2434 tra-

118 2468 198 2514 dendis
213 2468 369 2513 detrimentum
381 2467 440 2512 nulla
455 2467 688 2527 recompensandum
707 2469 810 2527 affertur,
828 2483 878 2513 cum

117 2554 140 2594 te
154 2550 248 2607 primum
263 2550 362 2593 aditurus
379 2555 447 2606 esset,
462 2549 542 2595 litteris
559 2550 622 2606 meis,
638 2549 666 2594 ad
682 2554 704 2594 te
722 2550 779 2595 datis
795 2552 882 2595 instru-

116 2634 174 2674 ctum
190 2641 242 2675 sese
259 2641 310 2673 esse
328 2629 403 2674 voluit.
444 2630 522 2692 Neque
547 2641 591 2689 ego
611 2643 719 2677 recusare
741 2632 803 2691 potui
819 2642 879 2689 qaro-

115 2712 187 2755 minus
203 2711 252 2754 viro
269 2708 342 2753 multis
351 2710 480 2757 nominibus
490 2710 621 2771 dignissimo
631 2724 742 2770 quemque
758 2724 802 2771 ego
817 2711 878 2755 ami-

117 2804 195 2836 corum
212 2788 263 2835 loco
281 2789 366 2836 hahere
384 2793 458 2851 coepi,
476 2793 536 2851 qrrod
552 2791 619 2837 vellet
635 2792 780 2850 obsemrerer,
800 2804 878 2850 quam

115 2873 150 2916 ris
166 2872 225 2916 idem
242 2869 321 2915 litteris
346 2872 532 2917 corrrmendatitiis
548 2873 637 2917 minime
660 2876 741 2931 egeat,
766 2884 877 2930 quocum

115 2952 235 2996 accederet
250 2956 273 2996 ut
295 2949 353 2995 hanc
371 2964 435 2995 meae
451 2965 505 3011 erga
526 2957 548 2997 te
564 2952 705 2996 reverentiae
723 2951 877 2996 testificandae

114 3033 259 3077 occasionem
277 3030 353 3075 offerri
368 3030 464 3077 libenter
479 3032 586 3088 viderem,
603 3033 657 3077 satis
675 3044 757 3093 causae
770 3032 818 3090 luit,
836 3045 877 3078 cur

114 3111 156 3157 llas
172 3112 258 3157 litteras
276 3111 305 3156 ad
322 3117 344 3156 te
360 3113 478 3158 mitterem.
795 3097 797 3100 .

146 3193 259 3240 Facillime
276 3193 488 3254 occciderepotest,
505 3197 528 3237 ut
543 3192 659 3252 prolessor
674 3192 805 3240 Hermesius
816 3192 880 3239 Bon-
