1979 3399
379 59 585 110 -967—

55 209 141 256 genere
156 196 277 252 hominum,
295 211 388 257 quorum
402 200 473 243 rerba
491 203 513 242 et
529 199 587 243 lacta
604 197 654 242 veri
670 202 691 242 et
709 196 760 242 iusti
776 197 856 243 fmibus
872 195 915 244 de-

53 278 211 334 terminantur,
234 279 270 336 qui
288 283 371 323 tantum
390 279 484 335 absunt,
502 281 526 321 ut
542 277 584 322 hos
599 279 655 323 fines
672 283 823 337 perrumpant,
841 283 864 324 ut
880 293 910 323 ne

53 355 174 413 periculum
195 357 285 414 quidem
309 358 410 415 faciant,
428 356 509 402 audaci
525 358 692 416 imaginationis
709 358 767 404 saltu
783 371 826 403 eos
845 370 915 417 egre-

55 436 139 492 diendi,
155 442 192 481 aut
210 441 297 496 tergum
314 438 433 494 flectendi,
450 441 474 482 ut
491 436 547 481 olam
570 450 622 483 sese
644 437 777 483 subtrahere
803 438 830 483 iis
854 450 913 497 pos-

53 516 104 560 sint.
136 516 191 561 Eam
210 517 239 561 ob
256 529 346 563 causam
362 516 505 563 Elvenichius
523 517 631 562 Perronio
649 519 780 576 quaerenti:
797 531 852 574 „cur
865 517 915 562 llo-

52 609 110 641 mam
127 597 234 642 venistis<
256 610 303 643 non
318 597 450 655 respondit,
470 601 506 654 ,ut
521 596 573 641 fidei
588 595 753 654 professionem
768 609 913 657 proponere-

51 689 100 721 mus
128 687 201 734 eoque
222 689 235 721 a
258 677 450 722 criminationibus
477 688 520 721 nos
544 674 729 733 defenderemus,
755 689 812 735 quae
828 677 851 721 in
868 690 913 721 nos

50 756 126 797 motae
142 756 213 797 srrnt.“
246 753 332 807 Quodsi
348 753 493 799 Elveniehius
514 752 571 797 haec
593 752 699 812 dixisset,
715 756 764 813 ipse
782 756 825 801 sibi
841 770 912 813 repu-

54 835 161 891 gnasset,
186 845 235 877 cum
259 846 337 878 verum
354 834 501 892 propositum,
518 831 583 890 quod·
601 834 680 878 itinere
696 836 788 880 Romam
806 841 911 893 suscepto

52 918 142 957 secutus
161 918 240 971 esset,
257 916 359 973 saepius,
381 919 405 959 ut
420 912 480 958 Actu
495 912 599 957 Romano
615 918 738 971 testantur,
763 914 909 959 declarasset.

50 992 95 1037 Sed
112 993 243 1038 Perronium
259 995 358 1052 mentiri,
375 1008 425 1040 cum
442 993 527 1050 scribit,
542 1007 569 1051 „a
580 1006 632 1039 sese
645 993 705 1040 hanc
717 994 768 1039 hdei
780 995 910 1053 professio-

50 1085 102 1116 nem
115 1073 159 1116 iam
174 1074 246 1117 risam
262 1086 330 1131 esse,
348 1074 390 1118 sed
407 1073 442 1129 (in
459 1072 586 1131 colloquio)
602 1085 653 1118 sese
670 1086 718 1118 non
732 1074 862 1131 respexisse
880 1073 910 1117 ad

52 1156 123 1209 eam“,
142 1152 187 1196 hoc
203 1151 346 1197 manifestum
363 1157 412 1197 est:
427 1151 548 1196 Perrouius
564 1151 623 1195 enim
638 1150 698 1195 hane
713 1151 765 1195 hdei
781 1151 910 1210 professio-

49 1243 102 1276 nem
118 1230 198 1275 videre
216 1243 263 1276 non
279 1232 358 1289 potuit,
374 1230 434 1290 quod
448 1231 593 1289 professores
611 1231 721 1276 Braunius
732 1235 754 1275 et
763 1229 909 1276 Elveniehius

47 1309 114 1368 plane
130 1310 212 1355 nullam
226 1315 408 1368 composuerant.
439 1310 503 1368 llanc
514 1311 584 1368 ipsam
597 1310 649 1355 fidei
660 1310 834 1368 professionem,
850 1323 908 1369 quae

48 1388 107 1433 nulla
125 1393 167 1445 est,
183 1388 305 1433 Perrouius
322 1389 360 1433 hic
378 1390 489 1448 significat
503 1393 525 1433 et
541 1388 635 1447 posthac
651 1390 712 1434 clare
729 1389 846 1448 eloquutus
864 1395 906 1446 est,

45 1481 92 1513 uon
110 1467 259 1513 orthodoxam
273 1466 351 1524 fuisse,
369 1470 417 1513 eius
430 1468 463 1512 rei
477 1480 502 1513 se
520 1481 614 1526 gnarum
630 1466 708 1525 fuisse,
724 1469 766 1513 sed
780 1468 840 1515 hanc
857 1482 905 1513 rem

46 1560 59 1591 a
76 1560 128 1592 sese
149 1547 238 1593 silentio
254 1547 397 1606 praeteritam
413 1560 472 1591 esse.
505 1548 563 1600 erid
579 1548 623 1592 iam
641 1548 670 1592 de
686 1549 794 1592 Perronio
812 1548 904 1607 cogite-

45 1639 102 1684 mus,
119 1627 138 1672 si
155 1639 249 1685 gnarum
267 1626 288 1669 ei
305 1629 378 1682 esset,
394 1625 417 1669 in
432 1624 484 1669 fidei
501 1619 644 1683 profeSsione
662 1625 777 1671 doctrinas
794 1639 905 1671 erroneas

45 1718 106 1762 esse,
123 1705 191 1763 idque
207 1704 351 1749 nihilominus
366 1703 519 1762 professorem
534 1704 689 1750 Elvenichium
707 1705 799 1761 celaret,
818 1706 838 1751 si
854 1718 904 1749 eum

44 1796 91 1829 non
109 1782 225 1841 edoceret,
239 1798 289 1829 cum
306 1784 398 1829 occasio
414 1784 488 1828 oblata
504 1784 585 1828 esset?
601 1785 657 1829 Num
674 1784 696 1828 id
713 1783 833 1829 humanum
849 1790 906 1840 erat,

44 1877 96 1908 rrrrrn
115 1863 212 1909 hominis
232 1864 351 1908 Christiani
367 1864 432 1908 erat?
448 1863 513 1917 Ouiae
529 1867 592 1907 loreto
608 1862 704 1907 stultitia
720 1867 760 1917 est,
778 1861 905 1907 nolentibus

44 1943 185 1987 occasionem
200 1942 256 1986 (lacre
271 1943 330 1986 aelle
346 1944 491 2000 respondere,
509 1943 563 1987 dicit
579 1942 735 2000 Hieronymus.
767 1943 803 1987 Ae
819 1942 905 1987 nihilo-

44 2021 245 2066 minusPerronius
263 2021 365 2078 affirmat,
382 2035 447 2079 „sese
463 2023 560 2066 libenter
577 2033 604 2065 ea
623 2022 746 2065 occasione
762 2034 826 2066 usum
843 2033 902 2077 esse,

42 2106 66 2146 ut
82 2103 149 2147 etiam
165 2101 266 2158 apertius
284 2114 333 2144 cum
351 2100 483 2145 Elveniehio
493 2100 643 2159 loqueretur‘t
677 2100 748 2152 Quam
759 2100 861 2144 occultus
878 2101 901 2144 in

41 2193 146 2226 sermone
167 2192 209 2224 suo
225 2180 345 2225 Perrouius
368 2180 398 2226 sit
424 2191 521 2224 necesse
544 2183 592 2236 est,
613 2180 632 2223 si
656 2177 693 2222 hic
716 2190 791 2224 sermo
809 2184 899 2238 apertus

42 2258 101 2303 erati
128 2258 173 2303 Sed
188 2258 307 2302 Perrouius
324 2262 348 2301 ut
371 2270 397 2301 re
418 2269 474 2301 vera
492 2256 587 2313 dixerit,
605 2257 665 2314 quod
682 2256 767 2302 dixisse
783 2258 844 2312 vult,
862 2263 900 2303 aut

40 2338 196 2392 condixerit,
219 2337 261 2395 ipsi
281 2336 317 2380 vel
335 2341 387 2380 tunc
404 2347 450 2380 non
468 2335 558 2380 multum
573 2337 689 2393 proderit,
707 2337 727 2380 si
743 2336 802 2381 forte
820 2337 896 2397 legem

39 2417 155 2475 scriptoris
174 2417 288 2462 cuiusdam
305 2417 392 2461 Franco
404 2415 505 2460 -Gahici
522 2428 585 2460 suam
601 2415 668 2472 fecit,
691 2416 728 2474 qui
746 2428 822 2461 mores
844 2430 899 2462 suos

40 2508 105 2553 quam
123 2496 248 2541 doctrinam
264 2496 367 2554 prostitui
377 2495 466 2540 maluit:
484 2494 590 2553 ,Arrete's
606 2495 706 2540 s'ilrous
722 2496 788 2553 plait!
806 2509 836 2540 on
848 2502 901 2555 peut

39 2579 140 2634 attaquer
157 2564 211 2619 mes¹
221 2587 319 2632 moerrrs,
336 2575 392 2619 mais
406 2586 464 2632 pour
477 2587 514 2618 ma
528 2575 655 2632 reputation
673 2574 775 2618 d'auteur
789 2574 815 2631 je
830 2588 860 2618 ne
875 2575 897 2618 le

37 2654 149 2699 soulfrirai
164 2653 271 2712 Jamaislt‘
286 2654 342 2698 Nam
358 2653 505 2698 siPerronius
523 2653 551 2697 ad
570 2652 724 2710 professorem
739 2652 896 2697 Elvenichium

37 2745 62 2776 re
78 2746 132 2778 vera
149 2746 196 2777 non
213 2730 280 2775 dixit:
305 2731 398 2787 ,Nonne
414 2730 513 2787 videtis,
529 2743 570 2775 vos
585 2736 661 2775 vestra
680 2729 826 2775 distinctione
843 2731 896 2778 facti

36 2815 59 2854 et
76 2811 130 2856 iuris
149 2811 213 2870 sequi
228 2810 385 2865 lansenistas“,
401 2822 477 2855 mores
493 2811 541 2854 eius
561 2809 618 2854 male
633 2822 659 2854 se
672 2809 766 2866 habent,
784 2822 834 2854 cum
850 2812 895 2856 iam

36 2889 110 2947 dicat,
135 2902 187 2935 sese
213 2889 304 2934 dixisse.
337 2887 376 2933 Sin
393 2888 463 2946 dixit,
486 2902 531 2934 non
548 2888 620 2933 minus
638 2888 696 2932 male
713 2901 738 2932 se
756 2888 824 2933 habet
842 2902 893 2936 cunt

35 2967 156 3013 Petronio:
180 2974 225 3012 tum
247 2967 306 3011 enim
328 2966 461 3012 Eirenichio
480 2967 547 3023 dixit,
571 2967 630 3024 quod
653 2966 730 3011 dicere
748 2980 793 3011 non
808 2966 893 3014 debuit.

34 3046 57 3090 Si
75 3049 134 3092 enim
150 3047 227 3092 dicere
244 3045 324 3100 uoluit,
340 3043 399 3089 hanc
416 3045 582 3091 distinctionem
600 3058 613 3088 a
628 3043 761 3108 lansenistis
781 3046 896 3092 inventam

34 3137 97 3184 esse,
114 3138 208 3185 eamque
220 3123 384 3184 reprobandam
401 3137 461 3182 esse,
476 3137 520 3170 uno
538 3123 616 3181 spiritu
633 3123 676 3169 duo
688 3126 787 3173 maxima
801 3132 897 3185 peecata
