1979 3399
417 126 597 175 ...70-

79 263 174 324 rideris,
191 264 299 322 Pen'onio
314 276 342 307 nc
360 261 444 319 aliquot
461 260 551 321 quidem
565 261 637 307 verba
653 260 761 305 excidere
771 260 806 307 'de
817 261 934 307 Hermesio

82 326 196 405 potuisse,
213 346 256 390 nisi
273 348 296 389 ut
312 343 360 388 sive
379 348 456 402 aperte
475 343 523 388 sive
544 342 601 387 clam
618 342 691 388 stilum
706 355 770 388 suum
785 356 874 388 veneno
891 343 936 389 im-

81 426 168 471 fnreret.
200 424 268 470 frumo
283 437 341 483 quae
353 424 534 470 manifestissime
546 422 602 467 falsa
617 426 676 480 sanat
692 421 812 469 ferronins
824 424 936 470 atfrnnare

82 519 129 551 non
146 505 266 563 erubescit,
282 510 306 550 ut
322 505 382 565 quod
399 506 442 551 sibi
454 505 592 565 propositum
606 502 682 557 hahet,
697 503 838 549 Hermesium
853 518 936 565 suspe-

81 592 140 630 ctum
155 586 244 633 reddat.
278 587 315 633 Sic
333 600 361 632 eo
377 588 437 644 loco,
455 588 556 647 quoiam
570 597 693 641 versamur,
711 587 846 644 pronuntiat,
862 586 936 645 ⁷‚Her-

79 667 174 711 mcsium
191 666 321 713 confessum
339 681 398 725 esse,
413 667 521 713 Fichtium
538 666 608 712 fuisse
625 667 734 724 primurn,
752 667 789 727 qui
805 671 903 727 systema
921 681 935 713 a

80 761 106 794 se
123 748 206 794 deinde
223 747 356 806 explicatum
368 752 391 793 et
402 747 529 807 evulgatum
540 745 672 791 irrrenerit.“
704 747 759 801 Quis
775 746 820 794 hoc
836 748 859 792 in
877 747 936 793 Ger-

81 818 158 876 mania
181 844 279 888 unquam
302 830 432 875 inaudivit?
453 829 525 874 Etiam
552 829 618 888 piane
640 826 719 873 falsum
742 831 792 885 est,
815 841 828 873 a
849 814 936 874 fictitio

82 893 181 969 systema
197 911 366 956 Hennesianum
383 911 496 955 inventum
514 924 579 967 esse,
597 910 678 969 quique
694 907 739 952 hoe
754 910 848 965 asserit,
863 911 883 953 is
900 914 938 955 aut

82 989 164 1036 Fiehtii
179 997 277 1049 systema
302 997 339 1037 aut
364 992 474 1037 Hcrmcsii
499 996 536 1036 aut
552 996 670 1049 utrumque
693 989 782 1035 omnino
798 989 937 1049 incognitum

83 1071 127 1117 sibi
138 1083 190 1115 esse
201 1072 282 1129 prodit.
306 1072 435 1117 tiermesius
448 1072 548 1117 confiteri
563 1072 608 1115 hoc
622 1071 755 1128 nonpotuit,
772 1072 823 1128 (piria
839 1076 876 1115 re's
889 1071 938 1130 ipsa

82 1151 141 1196 falsa
167 1157 213 1208 est,
236 1165 310 1212 ireque
330 1166 427 1212 irrrquam
451 1152 569 1197 confessus
595 1155 637 1196 est.
676 1151 738 1196 Haec
761 1152 856 1198 assertio
872 1151 938 1210 plane

84 1233 180 1279 conficta
198 1238 232 1277 est
249 1246 262 1276 a
279 1233 395 1289 Perronio⁷
410 1232 447 1292 qui
463 1236 524 1276 tanta
538 1232 669 1276 inveniendi
680 1231 784 1276 facultate
796 1232 862 1290 falsa,
881 1231 938 1277 hae-

82 1314 169 1370 retica,
192 1313 289 1359 absurda
307 1313 425 1359 Hermesio
450 1312 550 1369 affinxit,
573 1317 654 1371 quanta
676 1312 715 1358 vix
737 1312 789 1357 aiibi
806 1314 937 1373 reperietur.

80 1385 160 1438 fictitii
175 1399 274 1452 systema
291 1394 319 1439 ait
335 1394 483 1438 Hermesiano
499 1394 529 1438 ita
548 1392 676 1452 discrepat,
698 1399 722 1438 ut
738 1395 827 1453 species
844 1407 856 1438 a
875 1393 939 1455 uergi—

84 1479 264 1532 tate‚ut1nera
286 1474 338 1521 idea
361 1489 380 1521 s.
398 1475 504 1534 cogitatio
522 1474 549 1520 ab
568 1474 681 1520 obiectiva
696 1488 771 1521 rerum
790 1475 937 1536 cogitatarum

82 1554 193 1601 realitate.
226 1555 270 1603 Sed
286 1546 356 1601 totam
375 1555 522 1601 differentiam
537 1556 615 1614 paucis
630 1555 760 1602 describere
771 1557 937 1616 aggrediemur.

97 1623 98 1626 Ἴ
152 1636 212 1682 Satis
236 1637 295 1681 inter
313 1650 391 1681 omncs
409 1642 511 1694 constat⁷
535 1637 616 1682 frustra
632 1636 733 1682 Ifarrtium
752 1651 803 1683 esse
821 1642 934 1693 conatum,

82 1707 107 1761 ut
122 1730 136 1760 a
151 1722 227 1760 mente
245 1723 313 1777 (ego)
335 1719 371 1761 cui
384 1717 467 1761 insidet
483 1713 583 1776 cognitio
601 1722 623 1761 et
639 1717 761 1775 cogitatio,
778 1716 806 1761 ad
823 1730 861 1763 res
877 1718 938 1775 ipsas

85 1802 189 1841 amente
208 1796 310 1841 diversas
327 1804 457 1857 (rien-ego)
475 1799 609 1856 perveniret.
642 1798 670 1841 Ut
689 1798 756 1857 igitur
771 1803 863 1856 utraque
878 1805 938 1842 con-

83 1879 202 1939 iungeret,
221 1881 315 1938 spatium
332 1880 467 1923 otaicctirum
484 1880 558 1937 posuit
573 1880 596 1922 in
614 1879 717 1923 subiecto
734 1880 854 1939 cogitante,
871 1893 937 1938 cprrnn

83 1960 174 2006 interim
190 1960 280 2006 obiecta
296 1961 344 2019 ipsa
362 1962 472 2020 inspatio
491 1962 620 2021 apparentia
644 1961 717 2021 cyrroad
737 1974 814 2007 eorum
831 1962 938 2007 substan-

83 2041 137 2087 tiam
163 2041 300 2100 refin'qucret
324 2046 387 2087 entra
411 2047 507 2087 mentem
528 2043 616 2101 posita,
632 2055 696 2087 more
709 2043 796 2089 sedicet
813 2043 938 2088 dualistico.

82 2121 180 2166 Fichtius
197 2127 270 2167 autem
293 2122 316 2167 in
340 2112 414 2167 ffantii
429 2121 528 2167 humeris
545 2106 671 2168 consistens
689 2124 754 2168 etiam
772 2123 860 2169 obiecta
879 2125 938 2182 ipsa,

82 2201 107 2247 id
124 2206 160 2247 est
177 2215 254 2248 eorum
272 2202 418 2248 substantiam
432 2215 477 2248 una
496 2216 545 2247 cum
563 2203 642 2262 spatio,
657 2204 680 2249 in
697 2216 740 2263 quo
756 2209 877 2263 apparent,
893 2217 938 2264 po-

84 2284 127 2327 sita
143 2284 167 2325 in
183 2283 284 2327 subiecto
301 2297 352 2328 esse
371 2284 493 2340 contendit,
510 2286 533 2328 in
549 2298 592 2342 quo
608 2298 674 2342 quma
690 2286 761 2343 inagis
779 2286 821 2329 sifai
838 2299 938 2330 consen-

84 2351 166 2410 taneus
181 2368 248 2419 esset,
270 2376 335 2421 quarn
350 2363 449 2419 lfantius,
463 2377 541 2422 purum
555 2370 630 2423 putum
646 2362 786 2408 fricatismnm
801 2368 937 2423 procrearit.

84 2444 144 2488 Pieri
159 2433 250 2507 ncipit,
269 2432 306 2488 ilie
325 2444 426 2500 dicebat,
442 2449 465 2488 ut
482 2458 511 2487 en
530 2446 659 2504 cognitione
677 2445 725 2489 sive
739 2446 833 2491 scientia
850 2447 879 2491 ad
894 2448 938 2492 oh-

84 2526 167 2570 iectum
184 2525 293 2570 scientiae
308 2525 472 2583 perueniamus,
486 2524 508 2568 h.
525 2538 544 2569 e.
562 2539 574 2569 a
592 2528 721 2586 cognitione
739 2527 767 2572 ad
782 2530 899 2573 veritatem
916 2533 939 2573 et

86 2606 219 2652 realitatem.
251 2605 314 2650 ffane
331 2604 454 2650 doctrinam
469 2619 569 2665 pugnare
583 2621 632 2652 cum
643 2608 678 2666 iis,
694 2622 750 2669 qnae
763 2609 838 2654 rufant
848 2612 870 2655 in
881 2624 939 2669 qno-

83 2689 170 2734 tidiana
188 2687 302 2731 homnium
318 2686 375 2742 rita,
400 2685 424 2729 id
443 2685 550 2730 Fichfium
567 2700 594 2732 eo
611 2690 682 2733 minus
697 2689 767 2734 latere
780 2692 865 2748 potuit7
889 2705 939 2735 eum

87 2768 214 2814 aduersarii
230 2766 276 2811 hoc
293 2768 364 2824 ipsum
380 2764 501 2810 identidem
520 2772 541 2811 et
553 2770 767 2815 aeritermonerent.
799 2771 845 2816 iarn
861 2772 939 2816 diver-

87 2861 124 2894 sas
141 2850 190 2895 rias
216 2848 360 2907 anquirebat',
384 2852 408 2893 ut
431 2848 513 2892 trintum
532 2849 588 2895 intra
610 2852 732 2897 subiectum
751 2854 877 2898 ctohiecta
895 2869 939 2899 ex-

94 2959 281 2968 Ἥ

170 3034 247 3072 editum
269 3041 346 3072 exstare
369 3035 449 3071 nnllam
471 3042 491 3072 et
514 3038 591 3088 aliquid
609 3042 729 3079 discriminis
748 3042 871 3079 intercedere
887 3043 940 3078 inter

143 3119 144 3123 ¹
167 3107 267 3143 vocabula
281 3106 368 3153 „Zaeeclr
383 3111 403 3143 ct
419 3108 575 3159 Bestimorungf‘
596 3112 626 3149 An
635 3113 709 3150 Fichtii
719 3125 768 3163 olins
782 3126 824 3150 non
837 3125 862 3149 eo
879 3113 939 3150 titulo

169 3176 295 3216 referendum
311 3185 363 3224 erat,
383 3191 423 3229 quo
439 3180 482 3229 ipse
502 3179 554 3216 illud
568 3181 644 3220 edidit?
657 3184 716 3221 Certe
731 3183 812 3234 quidem
826 3185 885 3220 etiam
901 3184 940 3221 hoc

167 3248 268 3298 speonnam
282 3248 365 3301 aliquod
384 3256 421 3297 est,
435 3248 489 3287 unde
504 3251 619 3304 interpretis
634 3255 698 3293 nostri
713 3254 803 3295 sollertia
816 3258 939 3294 aestimetur,
