1979 3399
375 94 573 146 -169-

142 235 242 297 ignotum
259 238 337 283 esset?
369 238 509 298 Quapropter
526 237 597 283 ciuilis
614 236 760 296 magistratus
776 246 866 293 semper
880 234 903 280 iu

141 317 272 364 certissimis
293 320 339 365 suis
362 320 447 367 iuribus
469 325 492 365 et
513 318 593 365 officiis
610 317 755 382 munerabit,
780 321 805 363 ut
820 328 903 376 corpus

142 397 267 457 doctorum,
284 400 343 459 quod
360 401 383 446 in
397 407 458 446 terra
468 400 624 446 sibi‘snhiecta
638 404 741 446 versatur
750 398 827 458 ibique
839 398 904 442 eius-

140 480 201 525 modi
218 481 319 526 actiones
331 482 436 542 peragit,
462 480 550 540 publice
567 481 610 549 sibi
626 483 739 542 cognitum
757 481 801 538 sit,
823 481 843 526 si
860 491 902 525 eas

143 561 244 606 actiones
260 561 287 605 ab
311 561 349 607 illo
371 563 466 622 agnosci
482 569 614 621 exspectare
629 562 746 619 volumus,
768 567 791 607 et
806 561 851 606 hcc
866 563 903 608 vel

144 647 196 687 tunc
210 641 344 700 postulabit,
371 647 403 688 et'
414 643 462 688 iure
480 641 570 702 quidem
586 642 669 701 optimo
688 641 823 701 postulabit,
850 640 904 685 lieet

144 736 198 769 eura
214 735 255 768 sua
271 728 294 767 et
308 722 440 769 liberalitate
454 751 485 759 —
500 721 523 767 id
541 722 601 781 quod
613 721 670 781 apud
685 734 728 767 nos
743 735 786 767 usu
801 722 863 767 veuit
873 748 904 755 —-

142 803 187 849 hoc
201 816 283 864 eorpus
299 803 416 849 doctorum
432 805 480 864 ipse
496 816 543 849 non
560 802 687 849 condiderit
701 803 834 861 nutriatque.
875 801 903 845 Et

144 890 219 931 tamen
234 885 330 931 civitatis
353 885 453 931 rationes
478 898 533 944 prae
553 883 651 929 ecclesia
674 884 747 928 minus
764 881 809 927 hoc
825 883 903 941 requi-

144 971 201 1013 runt.
234 966 352 1020 Quomodo
369 961 441 1027 igitur
454 968 513 1012 idem
532 968 580 1023 ius,
602 966 662 1011 idem
678 964 776 1010 ol'lrcium
792 964 903 1010 ecclesiae

143 1048 167 1092 io
182 1046 342 1092 dubitationem
359 1047 441 1093 adduci
462 1048 560 1106 poterit?
602 1047 720 1092 Ecclesiae
739 1047 840 1090 rationes
855 1057 905 1088 ma-

144 1142 245 1188 gnopere
262 1133 394 1190 rerprirrmt,
410 1135 434 1175 ut
449 1126 503 1189 ipsa
514 1141 613 1175 summos
629 1129 771 1189 magistratus
789 1131 811 1171 et
828 1125 905 1186 digni-

143 1213 214 1268 tates,
239 1211 299 1257 unde
317 1216 340 1255 et
357 1211 445 1256 clericis
471 1216 493 1256 et
509 1211 573 1256 laicis
590 1211 712 1256 auctoritas
735 1215 757 1254 et
779 1209 905 1267 exemplum

146 1291 270 1351 redundet,
293 1294 348 1339 viris
366 1294 469 1339 doctrina
485 1292 614 1353 theologica
628 1292 715 1337 eximiis
731 1295 754 1335 et
770 1290 906 1336 orthodoxia

144 1371 245 1429 probatis
260 1373 395 1430 de'rnandet3
418 1387 476 1434 [prae
493 1386 562 1419 cansa
579 1378 622 1431 est,
640 1385 680 1418 cm·
696 1372 724 1417 ad
743 1371 864 1431 dignitates
879 1372 903 1416 in

144 1451 245 1511 capitulis
261 1453 439 1512 cathedralibus,
456 1458 490 1512 et,
514 1458 619 1513 [plantum
633 1453 683 1498 sieri
697 1456 787 1511 potest,
812 1452 841 1496 ad
858 1451 902 1496 alia

143 1543 231 1592 quoque
247 1546 339 1578 munera
365 1533 508 1593 capitulorum
527 1532 669 1593 suscipienda
691 1532 786 1592 gradum
803 1531 905 1578 doctoris

93 1607 95 1611 ’
141 1615 252 1673 postulet,
276 1615 379 1675 idemque
397 1620 458 1661 certe
481 1621 541 1674 optet
563 1617 587 1661 iu
604 1614 705 1674 capitulis
730 1613 854 1673 collegiatis
868 1617 902 1668 ¹);

141 1695 288 1755 indignitate
307 1701 379 1741 autem
402 1697 524 1755 episcopali
546 1696 644 1741 doctoris
668 1694 762 1755 gradum
784 1709 797 1739 a
819 1694 902 1753 potiori

143 1776 242 1835 requirit,
261 1776 283 1820 id
301 1776 368 1834 quod,
383 1777 421 1821 ubi
439 1778 458 1822 is
475 1776 545 1832 deest,
562 1775 742 1835 dispensationes
759 1776 829 1821 Roma
847 1776 905 1820 mis-

145 1870 185 1902 sac
202 1857 328 1902 ostendunt.
379 1858 423 1905 Sed
444 1858 517 1918 gradu
539 1858 639 1903 doctoris
662 1858 706 1902 hae
721 1858 744 1901 in
764 1871 790 1901 re
806 1856 904 1901 eeclesia

142 1951 171 1982 ne
187 1939 299 1983 minimum
317 1938 405 1998 qnidern
421 1941 566 1998 acquiescere
582 1940 670 1998 poterit,
687 1940 707 1983 si
723 1951 842 1996 acorpore
861 1937 906 1982 (lo-

144 2024 229 2064 etorum
253 2020 296 2078 ipsi
320 2020 436 2079 incognito
460 2020 582 2077 impertitus
597 2023 646 2075 est,
670 2020 690 2064 si
706 2019 821 2077 prolectas
839 2022 903 2063 asta

142 2112 238 2158 corpore
256 2099 380 2157 doctorum,
397 2100 484 2158 dequo
502 2105 586 2144 certum
607 2100 628 2144 ei
644 2104 743 2156 nonest,
760 2113 789 2142 an
804 2100 902 2143 ommam

142 2180 271 2239 theologiae
290 2179 456 2237 disciplinarum
473 2179 579 2224 doctores
595 2178 690 2236 habeat,
716 2192 745 2223 arr
760 2177 841 2237 singuli
859 2177 903 2223 do-

143 2266 218 2306 ctores
234 2274 297 2306 suam
313 2261 336 2305 in
352 2259 466 2320 theologia
483 2260 608 2306 doctrinam
628 2261 682 2304 satis
705 2260 829 2318 approbare
846 2272 903 2317 pos-
975 2310 977 2312 v

142 2342 201 2395 sint,
230 2354 258 2386 an
281 2342 329 2400 ipsa
346 2339 494 2386 orthodoxiae
513 2353 590 2384 eornm
615 2345 637 2384 et
654 2340 727 2384 studio
746 2340 903 2399 irreligionis

143 2424 236 2482 negotio
261 2421 328 2466 hdem
350 2421 435 2465 habere
457 2422 535 2479 possit.
576 2421 638 2465 Haec
655 2422 729 2467 omnia
746 2422 813 2480 igitur
829 2423 902 2481 magi-

142 2503 221 2547 stratui
239 2501 395 2547 eeclesiastico
411 2508 465 2548 nota
483 2516 534 2548 esse
554 2503 646 2560 debent3
663 2505 727 2563 isque
743 2503 784 2548 has
802 2505 903 2562 eorporis

142 2582 259 2627 doctorum
273 2583 366 2628 virtutes
381 2583 453 2641 palam
469 2590 603 2643 agnoscere,
623 2590 645 2629 et
658 2587 686 2629 ob
705 2584 746 2629 lras
762 2586 836 2629 omnia
854 2586 901 2629 iura

143 2667 165 2707 et
181 2661 298 2721 privilegia
319 2662 404 2707 ordinis
427 2663 558 2723 theologici.
571 2666 591 2708 ei
608 2677 719 2709 concessa
736 2678 787 2710 esse
802 2667 901 2724 proliteri

144 2743 219 2801 debet,
235 2746 258 2787 ut
268 2743 329 2801 quod
339 2744 458 2788 concessio
470 2744 578 2803 graduum
591 2744 770 2791 academicorum
786 2747 828 2790 sibi
844 2758 901 2803 pro-

140 2826 236 2883 positum
253 2823 328 2879 habet,
345 2824 368 2867 id
384 2829 453 2869 totum
470 2824 592 2883 efficiatur,
613 2830 635 2869 et
650 2824 684 2869 ius
702 2839 742 2870 eos
760 2827 899 2884 impertiendi

143 2905 210 2965 digne
228 2909 366 2949 exerceatur.
399 2905 444 2951 Sed
461 2907 512 2965 quia
529 2919 640 2965 personae
656 2906 783 2951 docentium
800 2913 900 2966 tempore

141 2986 279 3045 procedente
296 2985 353 3031 aliae
368 2986 438 3045 fiunt,
456 2988 490 3035 ius
505 2987 650 3047 promovendi
667 2993 739 3031 autem
753 2982 845 3045 manet,
863 2989 900 3035 lex

59 3129 272 3140 RQ„

90 3218 108 3269 l)
122 3218 181 3257 Cone
196 3222 251 3258 Trirl
269 3222 292 3258 tle
307 3222 392 3258 Reform.
409 3217 459 3258 Sera,
476 3222 535 3258 Xll'll¹
550 3209 563 3257 e
578 3221 588 3257 Q
604 3226 622 3257 et
638 3220 687 3257 Sese
704 3220 772 3261 Xhlt',
791 3236 805 3257 r.
824 3222 852 3260 12)λ
