1979 3399
389 72 589 121 *978*

64 210 180 270 pertinere
196 208 344 266 ridebantur,
365 209 536 270 prospicerent,
553 207 612 269 qnod
630 207 738 254 adversus
755 219 857 267 eaquae
880 221 920 255 ar-

67 292 224 352 chiepiscopus
247 291 363 337 moliretur
385 307 487 353 quaeque
504 293 559 352 ipsis
582 290 695 337 honestati
709 303 837 349 repugnare
853 289 921 335 vida-

67 376 155 432 bantnr,
172 373 302 433 superiores
316 373 403 420 iudices
420 374 557 435 appellarent
573 371 682 431 aliamque
701 370 834 417 iudiciorum
849 370 922 414 ratio-

67 470 118 502 nem
133 458 293 516 requirerent?
324 456 379 510 Quis
394 455 461 516 igitur
479 459 550 514 aequo
568 454 673 499 iunceis
696 452 832 497 interdicere
850 453 921 510 potuit

67 538 128 598 qnod
141 551 216 584 rerum
230 542 289 583 statu
300 536 372 582 multo
385 536 557 598 inagis'iniqno,
572 547 637 594 quoni
654 533 674 578 is
689 538 747 579 teste
763 531 856 577 historia
872 531 921 586 fnit,

68 633 112 679 qno
130 625 174 666 tnm
183 620 326 665 Hermesiani
341 619 468 676 utebantur,
481 615 593 676 nunquam
609 615 751 661 interdictum
763 615 829 659 erat?
851 613 922 659 Evol-

63 711 104 744 ras
122 710 207 757 quaeso
226 711 295 758 opera
310 695 596 755 3111111111111111111111111111ἁ
614 694 737 742 Christiani
755 695 829 755 Lupi,
847 693 923 740 utare

65 779 93 825 lis
109 778 260 835 Alexandri,
271 780 376 827 Costech'i
397 784 420 824 et
441 779 557 824 inultorum
572 778 671 823 uirorum
686 778 787 823 doctrina
806 776 923 822 excellen-

66 861 129 919 tium,
147 861 250 920 exempla
272 866 307 909 sat
324 862 391 907 inulta
412 866 536 922 suppetent.
567 860 591 908 Si
610 859 677 921 igitur
693 859 834 905 Hennesiani
851 857 922 917 „duos

68 955 97 987 ex
121 942 182 988 suist
207 942 301 988 Romam
322 943 447 1000 miserunt,
468 956 544 988 nonne
561 942 627 987 etiarn
650 940 695 988 hoc
710 940 925 1000 itinerisproposi-

67 1027 113 1068 turn
129 1024 201 1069 secuti
219 1027 325 1082 sunt,‘nt
345 1023 455 1069 adversus
471 1036 499 1069 ea
516 1021 573 1083 <puae
589 1027 668 1083 ageret
684 1020 867 1081 archiepiscopus
885 1020 924 1066 in-

67 1103 212 1151 tercederent
235 1110 257 1150 et
271 1106 330 1151 iusta
346 1118 373 1150 ea
389 1118 436 1150 non
452 1118 504 1151 esse
516 1106 686 1151 monstrarent!
706 1105 749 1150 Ubi
764 1110 838 1150 autern
851 1104 925 1149 inter-

73 1184 158 1230 cedere
177 1185 249 1245 aplius
271 1190 390 1244 potuerunt
411 1199 476 1245 quarn
494 1198 569 1231 coram
592 1176 763 1233 cardinalibus?
783 1184 829 1233 Sed
842 1184 926 1246 herro·-

71 1267 123 1310 nius
138 1280 188 1311 cunr
203 1265 355 1323 Eusebianis,
376 1265 513 1325 Acacinnis,
537 1280 586 1313 curn
601 1266 738 1326 patriarcha
753 1265 831 1312 Photio
846 1264 869 1310 et
884 1278 925 1310 se-

71 1346 195 1391 ctatoribus
212 1347 278 1405 cius,
296 1355 350 1391 'curn
363 1346 462 1392 Caluino>
473 1353 495 1393 et
511 1347 621 1394 hebronio
642 1348 666 1394 in
683 1348 775 1394 easdem
791 1351 867 1407 portes
878 1359 927 1391 2se-

73 1425 157 1472 cedere
173 1426 271 1486 mavult,
294 1440 359 1487 quam
377 1428 512 1475 iustissimos
527 1428 725 1476 Hermesianorurn
746 1429 841 1475 conatus
861 1440 927 1473 conr*

71 1507 177 1569 probare.
424 1511 426 1513 ’
564 1515 566 1518 “

135 1591 199 1645 Quae
216 1587 289 1634 adhuc
301 1589 373 1635 'locrrti
394 1602 483 1648 sumus,
506 1590 528 1634 in
550 1590 579 1635 iis
595 1604 650 1636 vera
666 1603 717 1636 esse
732 1603 746 1634 a
761 1588 870 1634 Perronio
886 1601 928 1633 re-

72 1672 117 1716 lata
132 1671 254 1730 posuimus.
286 1669 332 1716 Sed
347 1683 401 1715 num
414 1682 469 1715 vera
485 1671 553 1715 sunt?
578 1670 675 1717 ilinime.
707 1671 792 1717 Rursus
806 1669 927 1716 Porrodius

74 1767 104 1798 ex
119 1752 218 1798 fontibus
233 1752 292 1797 male
308 1751 358 1797 fidis
372 1751 460 1809 hausit,
482 1765 560 1811 parurn
584 1765 653 1797 cinae
676 1752 789 1809 adhibuit,
804 1757 828 1797 nt
842 1752 928 1810 proba-

74 1836 157 1890 menta,
174 1832 254 1892 quibus
265 1844 321 1890 opus
333 1837 402 1889 esset,
413 1832 545 1890 acquireret.
579 1832 628 1878 Hoc
640 1833 699 1877 einim
711 1846 788 1878 rerum
804 1833 876 1877 estin
892 1831 928 1877 illa

77 1926 155 1971 carisa,
171 1914 314 1974 professores
325 1914 370 1959 cito
387 1914 531 1971 intellexisse,
548 1915 582 1960 rei
591 1927 652 1960 suae
662 1927 739 1972 pannn
753 1913 889 1970 conducere,
904 1917 935 1957 ut·

75 1995 118 2054 ipsi
134 1994 280 2054 loquerentur
300 1994 323 2040 in
333 2008 372 2054 re,
389 2009 447 2055 quae
463 1995 630 2047 tuncornniurn
649 1994 673 2039 in
695 2005 736 2038 ore
761 1998 821 2051 erut,
845 1993 930 2052 eosque

78 2080 204 2135 propterea,
219 2076 263 2121 nisi
273 2078 400 2122 necessitas
413 2076 548 2122 contrarium
562 2075 659 2132 iuberet,
673 2074 774 2120 consulto
788 2073 931 2131 abstinuisse,

79 2158 197 2215 piperinus
215 2170 291 2203 coram
307 2158 459 2203 cardinalibus
474 2157 640 2216 ,archiepiscopi
656 2157 791 2202 mentionem
806 2157 932 2214 iniicerent,

78 2238 253 2297 l'enroniumque
270 2250 348 2284 rursus
365 2238 469 2284 retulisse
484 2238 545 2298 quod
561 2238 640 2283 falsum
657 2244 698 2284 est.

139 2319 184 2365 Sed
200 2333 259 2364 nnnc
279 2319 308 2365 ad
328 2320 395 2380 longe
412 2320 518 2379 graviora
538 2318 681 2364 accedamus
692 2319 860 2377 videamusque,
876 2330 928 2362 nuni

79 2399 131 2455 illa,
152 2412 209 2456 quae
224 2398 252 2442 de
270 2398 377 2443 Threcibus
394 2399 463 2445 relata
481 2405 531 2445 sunt
547 2414 561 2444 a
577 2400 699 2457 Pannonio,
724 2411 753 2444 cn
768 2398 818 2444 fidis
834 2397 932 2443 fontibus

79 2479 159 2524 hausta
182 2481 205 2521 et
225 2477 285 2522 iuxta
301 2480 430 2534 ‚veritatem
451 2484 542 2523 narrata
567 2478 617 2525 sint.
653 2478 775 2524 Audiamus
801 2478 931 2524 Perronium

80 2563 222 2604 narrantem:

173 2673 387 2735 „Arclriepiscopurn
409 2676 511 2722 omnibus
535 2677 622 2724 clericis
639 2680 685 2724 suis
703 2678 731 2723 ad
748 2678 840 2722 ordines
856 2675 934 2736 adspi-

175 2740 275 2802 rantibus
293 2757 481 2823 praescripsisse,
496 2763 520 2802 111
537 2772 615 2805 ornnes
631 2765 653 2805 et
668 2759 768 2819 singulas
785 2758 861 2803 theses
874 2741 890 2803 ¹a
908 2770 935 2804 se

176 2837 304 2894 propositas
327 2835 471 2902 iureiurando
488 2837 618 2901 interposito
635 2842 794 2886 confiterentur
810 2840 833 2896 in
850 2851 935 2898 casque

178 2916 304 2962 crederent.
336 2904 397 2964 idern
415 2918 498 2963 lenisse
517 2920 574 2978 apud
590 2918 736 2977 sacerdotes,
751 2925 774 2964 nt
790 2920 818 2964 ad
834 2919 935 2964 turnolio-

175 3010 217 3042 nes
238 2997 406 3044 ecclesiasticas
427 3011 480 3044 snas
496 3004 533 3044 aut
554 3001 582 3046 ad
604 3001 719 3047 doctrinas
735 3000 870 3060 profitendas
890 2999 936 3057 apti

178 3076 353 3128 declararentur.
386 3079 431 3128 Sed
453 3092 502 3125 cum
525 3082 623 3128 nonnulli
637 3083 779 3141 professores
795 3079 937 3126 Hennesiani

179 3157 272 3218 obsequi
293 3162 476 3220 recusavissent,
495 3160 583 3208 clericis
601 3164 647 3210 suis
670 3163 770 3208 disertior
793 3161 937 3207 interdixisse

180 3238 378 3302 archiepiscopum,
392 3249 423 3289 ‘ne
438 3257 517 3290 eorunn
532 3246 696 3304 praelectiones
712 3244 835 3292 audirent-‚⁶³
