1979 3399
392 58 595 110 »152-

63 192 253 261 proscrIpserunt.
292 195 381 243 luhrtici
396 194 499 251 bominis,
523 194 639 240 domestici
665 195 714 239 eius
737 196 813 241 llatth.
838 194 866 253 X,
883 194 922 241 36,

60 283 108 328 lam
123 280 233 335 videmus,
250 279 273 322 in
293 288 361 321 causa
378 274 527 321 Hermesiana
543 286 604 320 novo
623 275 725 334 exemplo
741 281 763 321 et
774 276 853 322 illustri
867 289 924 335 pro-

61 362 138 408 batum
156 348 208 405 esse
225 356 286 413 illud,
303 368 332 401 ex
344 351 424 414 ‘parvis
441 357 516 401 causis
531 340 755 414 magnarum'rerum
771 356 834 401 initia
849 357 905 402 srcri.

158 436 198 496 „Ut
215 434 302 494 lapillus
321 434 344 478 in
362 447 442 493 aquam
459 434 560 480 deiectus
574 433 642 479 orbes
658 434 742 478 circum
758 446 783 479 se
801 433 868 491 lacit,
887 435 924 493 qui

155 527 245 573 semper
261 512 382 572 ampliores
398 514 465 570 horit,
484 526 527 572 quo
544 512 617 572 magis
632 525 645 556 a
662 518 741 560 centro
756 514 873 570 recedunt,
890 515 925 560 sic

156 594 227 653 prima
245 592 282 638 illa
292 595 447 651 murmuratio,
464 594 502 639 illa
516 593 637 651 discordia,
652 606 710 652 quae
725 594 798 639 statim
816 593 843 639 ab
860 594 924 638 initio

154 674 250 720 Bonnae
262 674 352 720 auditae
363 680 422 733 sunt,
431 688 521 733 semper
533 674 598 719 latius
610 674 770 719 disseminatae
780 679 839 731 sunt,
851 675 925 719 donec

156 754 215 800 adeo
233 757 396 813 increscerent,
412 760 437 801 ut
454 755 557 800 diversae
572 760 649 812 partes
666 757 799 801 or·irentur.“

63 838 123 883 Sane
144 837 182 882 hic
205 836 269 881 locus
288 836 439 894 lepidissimus
464 842 498 881 est
523 837 688 895 onuiium,qui
711 842 760 881 toto
785 836 925 881 Perrouiauo

63 917 122 962 libro
138 916 255 978 legunturl
272 916 486 962 thiudischnaunus
502 921 543 974 est,
562 917 599 976 qui
614 917 711 976 lapidem
728 916 788 962 illum
804 917 924 976 inaquam

67 997 167 1058 deiecit,
184 1003 207 1042 ct
224 997 315 1044 lileeius
332 997 433 1043 eiusdem
449 998 565 1044 sarniliaris
582 1010 609 1043 ac
627 999 745 1044 convictor
760 997 851 1042 nonnisi
867 996 925 1042 alle-

64 1078 134 1125 vandi
156 1080 204 1124 eius
228 1091 319 1137 operam
343 1079 465 1138 insumpsit.
497 1078 598 1125 lllinerra
615 1079 674 1138 apud
687 1079 811 1132 ¹Homerum
827 1076 924 1136 lapidem

65 1163 151 1215 atrum,
165 1157 259 1216 rudem,
274 1171 380 1218 maguum
405 1161 429 1205 in
446 1158 540 1205 llartem
555 1159 646 1216 deiecit,
663 1165 729 1220 atque
746 1160 801 1205 deus
817 1156 854 1203 ille
870 1156 924 1202 belli

66 1239 167 1286 concidit
184 1245 314 1299 septemque
339 1241 389 1301 agri
411 1241 490 1300 iugera
514 1253 610 1303 corpore
634 1243 761 1302 occupavit.
793 1238 866 1284 lactus
887 1237 924 1283 ille

64 1322 166 1368 blinerva
189 1322 272 1381 dignus
288 1321 342 1380 suit,
368 1321 482 1381 sedquid
507 1321 544 1366 ille
566 1321 625 1367 ualet
646 1335 700 1381 prae
715 1320 776 1365 iaetu
790 1318 926 1366 Wiudisoh-

65 1401 157 1447 manui!
181 1401 224 1446 Per
245 1400 305 1445 hunc
324 1401 383 1445 enirn
400 1401 469 1445 orbes
489 1400 544 1445 faeti
558 1405 623 1458 sunt,
646 1402 682 1461 qui
700 1399 819 1445 etiamnum
834 1408 925 1458 semper

66 1479 187 1541 ampliores
202 1482 269 1537 srunt,
290 1493 332 1540 per
348 1494 399 1526 eum
414 1481 489 1526 undae
507 1483 618 1527 excitatae
633 1486 699 1539 sunt,
725 1494 782 1539 quae
800 1480 828 1525 ad
843 1478 928 1524 sunda-

65 1567 142 1607 menta
164 1561 216 1607 solii
236 1560 306 1606 validi
328 1561 416 1606 fortiter
434 1562 543 1608 alluerunt
561 1562 629 1622 idque
652 1559 929 1618 commoverunt,‚undae

68 1657 126 1703 quae
138 1643 259 1688 etiarnnmn
275 1642 438 1701 provolvuntur
455 1648 477 1689 et
493 1644 590 1689 fortasse
605 1657 651 1689 nou
668 1649 713 1689 tam
728 1647 814 1687 urature
832 1641 861 1686 ad
878 1654 928 1687 cam

69 1726 151 1770 molem
167 1725 309 1783 perueniunt,
327 1737 385 1783 quae
402 1725 483 1783 obstet,
501 1727 618 1784 quominus
635 1726 692 1770 ultra
709 1724 817 1768 tendant!

130 1804 175 1849 Sed
197 1803 250 1862 quid
266 1803 469 1848 Windischmanno
479 1804 590 1861 ,medico
605 1804 776 1862 medicinaeque
792 1802 929 1861 professori,

70 1883 107 1940 qui
123 1883 146 1926 in
162 1883 252 1941 propria
269 1887 317 1926 arte
333 1896 419 1940 paucos
437 1887 525 1941 semper
537 1882 613 1927 habuit
624 1882 745 1939 auditores,
761 1881 929 1941 aegrotosqui.

69 1962 112 2007 bus
128 1962 258 2007 mederetur
275 1961 323 2006 fere
339 1961 421 2020 nullos,
440 1963 493 2021 quid
509 1964 577 2022 igitur
592 1964 628 2007 isti
646 1977 695 2008 cum
706 1963 774 2008 rebus
795 1962 931 2022 theologicis

71 2042 202 2087 commercii
232 2055 284 2086 esse
308 2042 402 2099 potest?
431 2041 550 2094 Quomodo
573 2043 670 2100 accidit,
694 2048 718 2087 ut
739 2044 758 2088 is
774 2043 803 2087 ad
819 2057 857 2089 res
874 2056 930 2102 quas

73 2135 119 2167 non
137 2124 242 2181 attigerat
256 2124 393 2179 accesserit,
411 2128 433 2167 et
449 2123 472 2166 in
488 2123 556 2168 rebus
577 2123 713 2183 theologicis
740 2137 794 2183 quas
818 2124 857 2168 vix
882 2124 932 2182 pri-

73 2204 175 2248 moribus
198 2202 269 2247 labris
293 2204 398 2263 attigerat
420 2203 488 2248 multo
512 2206 587 2249 acrius
611 2203 715 2262 uideret,
740 2217 805 2263 quam
823 2204 932 2262 episcopi,

75 2297 141 2342 quam
157 2296 234 2327 eorum
246 2270 376 2341 consiliarii,
393 2297 459 2342 quam
476 2289 509 2330 tot
527 2285 570 2329 uiri
586 2285 608 2329 in
626 2285 700 2330 media
711 2285 754 2330 hac
768 2290 815 2329 arte
825 2284 933 2328 habitan-

74 2367 118 2418 tes,
140 2363 177 2420 qui
193 2374 306 2418 rrunquam
321 2361 441 2419 quidquam
459 2363 594 2421 suspicionis
609 2364 632 2407 in
648 2362 804 2407 orthodoxiam
821 2362 932 2407 Hermesii

75 2443 211 2488 moverant?
234 2442 308 2499 Atque
331 2443 351 2486 si
373 2442 586 2487 lllindischmannus
610 2443 638 2487 de
664 2443 799 2490 orthodoxia
820 2443 932 2489 Hermesii

76 2522 198 2579 dubitabat,
216 2535 256 2566 cur
266 2533 313 2565 non
330 2520 359 2564 ad
376 2520 447 2577 ipsum
457 2519 594 2566 Hermesinm
607 2535 632 2567 se
644 2525 761 2583 conuertit,
778 2538 817 2569 cur
829 2537 879 2569 eum
889 2525 934 2570 ab·

74 2608 162 2650 sentem
185 2614 280 2660 carpere
302 2613 368 2659 <pram
384 2605 525 2658 praesentem
541 2614 634 2648 monere
651 2605 743 2663 maluit,
761 2617 800 2650 cur
817 2617 864 2650 non
880 2605 933 2663 epi-

74 2696 158 2742 scopos
182 2682 253 2738 adiit,
276 2681 299 2726 id
324 2679 385 2738 quod
401 2692 442 2739 pro
460 2681 493 2724 rei
510 2686 587 2727 natura
604 2689 626 2729 ct
640 2683 782 2731 humanitatis
798 2690 821 2730 et
836 2685 932 2745 religIo-

73 2766 109 2810 nis
131 2763 266 2808 christanae
288 2761 385 2807 officium
406 2760 551 2819 postulabat?
576 2763 620 2809 Cur
635 2778 781 2825 quaecunque
798 2766 821 2811 in
836 2765 935 2811 Herme-

74 2846 131 2891 sium
147 2844 236 2904 molitus
253 2847 295 2902 est,
313 2855 341 2889 ea
357 2842 432 2889 omnia
450 2841 538 2887 occulto
557 2848 578 2889 et
596 2845 653 2891 elam
669 2847 772 2907 peregit?
