1979 3399
421 83 465 127 ‘-
504 94 557 143 313
598 125 633 132 -

101 240 151 287 tam
165 237 214 281 sire
230 234 354 291 occultam,
378 231 560 293 indignabundus
576 231 734 291 repudiaturus
751 237 819 279 esset.
852 229 962 287 Quamdiu

100 318 125 363 in
141 316 197 362 viris
216 315 262 370 luit,
283 314 394 359 eiusmodi
414 300 621 358 tenebricosissima
642 313 779 359 obtrectatio
804 327 916 375 nunquam
933 326 962 357 ex

102 398 193 443 latebris
207 401 272 454 atque
285 410 315 440 ex
328 396 429 441 tenebris
444 408 560 455 erumpere
574 409 629 441 ansa
645 399 687 440 est.
713 396 781 440 lnrmo
796 396 848 440 rara
865 402 887 441 et
902 397 961 440 bene

101 479 179 524 merita
192 477 273 523 lrdu'cia
286 479 448 537 episcoporum
465 477 625 523 catholicorum
643 477 664 521 ei
682 476 768 536 obtigit,
788 472 962 536 iudiciumepi-

101 573 222 618 scaporum
241 561 381 606 confirmavit
398 561 480 619 clerus,
498 552 791 618 comprobavit‘universus
808 561 903 619 populus
921 573 962 604 ca-

99 637 213 696 tholicnS,
231 643 263 686 ita
280 640 370 701 quidem
394 647 418 687 ut
440 656 469 686 ne
495 642 511 686 ii
532 641 575 700 ipsi
599 641 636 701 qui
661 654 710 685 enm
730 642 783 687 odio
803 641 918 687 habebant
934 640 961 685 ab

102 723 146 768 hoc
163 722 246 767 indicio
266 722 339 782 palam
357 722 476 767 dissentire
499 723 547 767 ansi
563 723 614 766 sint.
638 722 669 767 ³Si
685 710 829 777 verocivilis
846 723 962 768 Borusso-

102 817 150 849 rnnr
167 808 267 862 potestas
292 803 431 848 Hermesiurn
454 815 494 860 pro
522 814 550 846 eo
567 803 714 847 instrumento
735 802 852 848 habuisset
876 808 899 847 ct
920 817 962 848 usa

102 888 179 940 esset,
199 889 244 927 tum
269 883 349 927 cadem
366 881 439 928 studia
459 881 507 926 eius
524 880 687 939 quovismodo
712 882 789 927 iuvare
806 884 900 941 debuit,
917 889 962 929 tum

102 976 148 1007 nan
165 975 206 1007 eos
223 962 333 1020 homiues,
351 961 422 1020 qtralis
438 962 477 1007 luit
488 961 585 1018 llleeius,
601 960 702 1006 Bonnam
714 964 837 1024 asciscere,
856 980 915 1023 eum,
932 979 962 1010 ne

103 1059 153 1090 cunr
170 1031 287 1089 llermesio
306 1044 416 1102 proelium
438 1042 505 1087 iniret
525 1042 615 1087 ommno
632 1043 754 1101 prohibere
770 1045 855 1103 debuit,
872 1047 962 1091 minime

104 1139 160 1170 roro
178 1126 275 1170 arantium
293 1126 403 1170 baronem
422 1124 450 1168 de
464 1125 555 1179 Droste,
570 1124 634 1168 cuius
650 1123 810 1183 indulgentiam
828 1128 850 1171 in
866 1128 964 1172 Herme-

104 1208 161 1251 sium
177 1218 243 1250 uenio
259 1205 384 1250 mortalium
402 1204 507 1260 laudavit,
524 1204 554 1248 ad
570 1203 647 1248 sedem
665 1205 880 1266 archiepiscopalem
893 1209 963 1253 Colu-

102 1289 204 1332 niensem
222 1287 320 1331 evehere
340 1286 430 1340 debuit3
452 1285 591 1329 Hermesium
609 1289 631 1329 et
648 1284 768 1342 discipulos
785 1289 832 1333 eius
850 1290 877 1333 iis
893 1303 962 1347 prac-

102 1369 152 1427 uriis
178 1366 270 1412 alhccre
294 1366 373 1425 hisque
398 1379 438 1410 eas
456 1365 569 1410 utilitates
593 1376 621 1409 ac
638 1366 755 1411 commoda
772 1370 894 1415 conciliare
919 1371 961 1415 de-

101 1449 159 1507 buit,
176 1447 260 1507 quibus
274 1447 418 1493 adversarius
434 1459 514 1491 eorum
533 1445 746 1493 ll'indisclnnamms
765 1464 853 1509 semper
869 1453 962 1511 gauisus

101 1536 143 1575 cst.
177 1530 239 1589 Quis
248 1530 307 1574 euim
323 1529 346 1574 in
362 1528 478 1574 Bonnensi
488 1527 635 1572 universitate
646 1529 712 1574 tantis
725 1530 841 1578 beneficiis
852 1546 864 1577 a
875 1546 961 1578 snrrrmo

100 1622 175 1653 rerum
190 1620 306 1652 sacrarum
330 1611 353 1651 et
372 1606 475 1666 publicae
497 1605 641 1651 institutionis
661 1607 683 1650 in
700 1611 806 1657 Bornssta
830 1615 962 1673 magistratu

101 1690 194 1735 allectus
218 1693 267 1741 est,
293 1689 381 1746 quantis
402 1686 636 1732 ll'indischmannus‘?
658 1689 712 1741 Quis
735 1695 780 1735 tota
806 1694 960 1749 universitate,

102 1772 150 1815 sive
164 1769 324 1813 llerrnesianus
337 1770 385 1813 sive
397 1781 442 1813 non
452 1768 621 1824 llermesianus,
639 1763 688 1813 sire
701 1771 829 1818 Catholicus
848 1774 896 1817 sive
906 1774 963 1817 Pro-

103 1857 196 1906 testans,
209 1849 293 1894 tamdiu
309 1851 332 1894 in
348 1849 446 1908 collegio
463 1849 492 1893 ad
508 1847 670 1894 examinandos
690 1851 822 1898 candidatos
840 1856 962 1899 constituto

102 1932 143 1976 t'nit
165 1944 231 1989 quam
247 1929 480 1976 ll'indischmamms?
508 1930 561 1984 Quis
578 1931 901 1989 saepiusremunerationibus
918 1947 961 1978 au-

103 2017 152 2056 ctus
165 2016 200 2055 est
211 2024 275 2070 quam
292 2002 506 2055 tltindischmahnus
521 2011 662 2055 taeterrimus
675 2011 786 2059 Herrnesii
799 2015 961 2060 adversarius?

162 2093 299 2149 Hermastus,
326 2092 362 2150 qui
387 2092 504 2150 disciplina
529 2092 649 2136 christiana
666 2105 712 2137 non
732 2093 760 2138 ad
785 2096 960 2140 ostentationem

49 2167 52 2171 ’
100 2173 142 2218 sed
159 2174 187 2218 ad
204 2174 264 2217 ritae
281 2172 354 2232 legem
369 2172 479 2228 utebatur,
494 2178 612 2230 tantopere
630 2172 698 2217 rebus
711 2174 830 2220 catholicis
846 2175 958 2232 studebat,

100 2259 160 2298 tanta
186 2252 335 2297 aemulatione
358 2252 469 2298 honorem
486 2252 610 2298 catholicae
628 2253 745 2298 doctrinae
764 2261 830 2314 atque
847 2255 960 2300 ecclesiae

100 2333 290 2391 prosequebatur,
315 2336 338 2376 nt
361 2332 449 2390 species
471 2332 628 2377 intolerantiae
652 2333 768 2379 conciliari
786 2336 806 2378 ei
830 2342 923 2393 posset,
941 2338 960 2381 si

101 2413 203 2471 singulas
229 2425 279 2470 res,
305 2414 383 2471 quibus
407 2413 528 2457 ecelesiam
548 2412 742 2470 suam'delendit,
759 2419 899 2472 exposueris.
931 2418 960 2462 Et

103 2489 335 2536 ll'indischmanmrs?
356 2491 404 2534 eius
417 2503 482 2534 omne
494 2502 568 2534 rerum
582 2489 742 2537 catholicarum
757 2495 853 2542 studium
867 2498 890 2542 in
905 2512 960 2543 ver-

101 2570 136 2615 bis
152 2572 196 2614 vinr
211 2569 297 2627 habuit,
318 2575 340 2614 ct
357 2582 385 2614 eo
402 2568 476 2625 rediit,
491 2574 515 2613 ut
531 2581 577 2614 rron
593 2570 702 2618 mediocri
719 2575 815 2622 hostium
831 2592 907 2623 rerum
919 2593 960 2624 ca-

101 2652 233 2696 tholicarum
250 2649 334 2709 gaudio
351 2649 490 2694 Hermcsinnr
509 2652 633 2697 everteret!
653 2653 719 2707 erod
736 2662 809 2701 antem
821 2658 967 2704 Herrnesium·

100 2733 185 2788 attinet,
202 2732 221 2776 is
235 2735 320 2776 tautum
336 2730 422 2786 aberat,
438 2735 462 2774 nt
476 2730 634 2788 imperantibus
646 2733 795 2782 Borussorurn
812 2738 958 2795 concederet,

99 2818 123 2859 ut
141 2812 251 2857 adversus
273 2825 326 2881 eos¹
337 2811 472 2857 sententiam
488 2824 550 2878 suam
568 2818 645 2871 aperte
663 2819 686 2859 et
703 2815 774 2862 libere
791 2822 905 2875 tueretur,
921 2813 969 2865 nhi'

100 2894 149 2940 iure
167 2892 199 2937 rid
220 2892 297 2937 facere
319 2906 344 2937 se
361 2905 430 2951 posse
448 2890 559 2936 crederet.
591 2894 660 2939 Imma
681 2899 742 2941 tanta
762 2900 906 2954 confidentia,
922 2900 968 2945 ubi'

100 2985 156 3030 opus
173 2978 229 3029 erat,
246 2972 289 3018 illis
307 2974 448 3028 occucurrit,
467 2976 491 3015 ut
508 2973 572 3017 amici
590 2965 744 3035 eius'sacpius
761 2984 880 3036 aptarent,
897 2985 921 3024 ut
937 2981 960 3025 in

99 3053 144 3097 hoc
161 3067 247 3113 genere
263 3054 306 3099 alia
324 3053 406 3114 agendi
423 3043 512 3098 ratione
528 3058 641 3114 uteretur,
665 3070 722 3116 quae
737 3057 869 3116 prudentiae
887 3061 959 3119 magis

102 3140 255 3178 consentanea
279 3134 399 3179 vitiaretur.
441 3134 579 3191 Argumenta
603 3135 691 3180 abunde
714 3137 801 3183 adsunt.
834 3139 868 3184 Er
886 3139 960 3183 nurltis

101 3226 168 3259 unum
189 3212 292 3260 reseram.
