1979 3399
370 83 572 134 *239-

104 223 133 269 Ut
149 230 235 284 aerugo
252 223 313 270 ferro
330 224 475 282 inhaerescit,
490 229 514 270 ut
530 224 639 278 tenebrae
653 227 704 283 post
715 221 788 268 lucem
801 233 902 278 sequun-

43 314 83 364 tur,
102 304 136 349 sio
153 305 238 351 inutilla
254 310 276 350 ot
290 306 349 351 livor
365 320 406 366 per
415 305 532 352 historiam
545 305 663 365 roligionis
672 302 815 349 Christianae
833 315 902 361 gras·

42 392 109 442 satur,
125 389 193 444 atque
209 384 327 443 homines,
345 386 422 445 quales
439 386 503 430 luere
521 386 621 431 Clerneos
636 385 768 443 Romanus,
790 381 902 440 domesti-

41 479 92 520 ητις,
109 463 268 523 Hieronymus,
285 464 389 511 Isirloeas
405 464 527 521 Pelusioto,
543 464 624 510 Petras
635 466 749 522 Darnioai,
766 464 902 509 Beroordas

42 547 123 604 aliique
140 545 199 589 hanc
215 549 300 603 pestem
322 546 439 591 societatis
454 543 566 589 humanae
583 549 629 590 tota
645 546 669 590 vi
688 547 829 591 certissimae
846 558 902 604 per-

42 625 155 673 suasionis
170 634 226 669 suae
243 628 265 669 et
283 624 425 684 eloquentiae
443 625 646 683 impugnaverunt,
669 638 794 685 quanquam
810 627 901 672 radices

41 706 90 751 eius
107 704 130 748 in
148 704 247 749 cuiusvis
264 703 360 749 hominis
376 705 451 749 aniano
467 702 581 749 latitantes
599 704 697 749 evellere
713 719 759 750 non
772 711 899 765 potuerunt.

42 786 88 830 lam
104 790 129 830 ut
144 784 168 841 ii,
191 784 228 844 qui
246 783 356 829 eiusmodi
373 785 447 830 causis
464 782 553 842 impulsi
568 784 592 827 in
609 796 678 829 causa
693 784 840 830 llerrnesiana
858 787 901 830 ad-

42 867 86 910 lrue
104 876 196 923 operam
215 863 341 921 dederunt,
360 876 410 908 oum
428 866 482 922 post
497 866 530 908 tot
546 861 637 908 labores
654 862 721 909 finem
739 863 787 909 fere
803 868 900 912 assecuti

42 945 162 999 ridentur,
178 944 252 990 subito
268 944 363 1002 pretium
380 943 505 989 studiorum
525 955 616 988 suorum
634 942 781 1002 laborumque
797 946 902 991 exantla-

42 1031 115 1071 torum
131 1038 144 1068 e
161 1037 228 1069 manu
244 1037 283 1069 sna
301 1025 406 1082 mittunt,
426 1023 471 1067 hoe
488 1024 633 1083 impotentiae
652 1030 674 1070 et
693 1025 808 1084 cupiditati
823 1026 904 1071 huma-

41 1118 85 1149 nae
109 1104 176 1149 nimis
199 1104 337 1150 eontrarium
360 1108 413 1161 est,
439 1116 505 1163 quam
527 1107 552 1149 ut
576 1103 600 1149 id
625 1109 758 1163 exspectare
781 1107 901 1165 possimus.

43 1185 129 1239 Quodsi
147 1186 288 1232 Hermesium
304 1185 469 1231 treta-ortonae
491 1199 600 1231 accusare
623 1190 677 1232 tune
693 1193 828 1246 potuerunt,
853 1202 903 1235 eum

16 1294 18 1297 -
42 1279 121 1311 ornnes
141 1268 190 1312 eius
207 1280 290 1312 causae
306 1264 419 1319 favebant,
438 1278 478 1310 eur
494 1265 538 1309 iam
557 1276 614 1323 opus
630 1264 759 1310 inchoatum
780 1279 826 1311 non
844 1281 903 1313 eon-

41 1348 145 1402 tinuent,
172 1359 222 1391 oum
237 1345 304 1391 Brevi
325 1344 389 1390 inniti
407 1343 512 1403 possint?
539 1342 619 1388 Nonne
643 1343 789 1389 memorabile
806 1346 901 1403 ridetur,

42 1439 93 1471 cunr
109 1428 196 1485 ipsum,
219 1426 256 1485 qui
272 1438 354 1470 novam
371 1425 432 1468 vitae
449 1423 552 1482 agendae
574 1424 704 1481 rationem,
728 1424 765 1482 qui
779 1424 902 1471 latissimas

43 1518 95 1563 spes
113 1518 226 1550 concussa
241 1504 315 1564 aliqua
332 1502 529 1549 Hermesianorum
545 1503 642 1547 statione
658 1504 842 1562 superstruebat,
864 1507 902 1564 qui

41 1586 137 1631 eandem
154 1586 182 1630 ob
205 1598 297 1631 eausam
319 1585 374 1628 nibil
387 1585 459 1643 magis
472 1585 629 1642 exoptavit-
645 1596 659 1628 o
676 1587 778 1642 tempora
794 1598 808 1629 o
824 1599 901 1631 mores

42 1665 175 1732 Christiani!
185 1694 213 1701 -
223 1679 289 1725 quam
304 1669 330 1709 ut
346 1664 486 1709 Hermesiani
506 1665 571 1709 citius
586 1664 666 1710 melius
683 1666 711 1710 ab
728 1666 827 1710 ecclesia
844 1666 903 1711 delr-

42 1751 128 1804 cerent,
145 1746 204 1791 huuc
219 1745 291 1805 ipsum
307 1745 385 1791 satiari
401 1758 447 1790 non
463 1758 539 1804 posse,
552 1746 670 1804 quominus
685 1747 709 1792 in
727 1745 814 1791 dirimis
831 1746 904 1792 bisto-

43 1828 114 1872 rioo-
123 1827 223 1886 politiois
246 1827 435 1883 llonaee‘nsiunr,
457 1827 480 1871 in
501 1825 583 1872 libellis
598 1826 745 1884 Manneianis,
765 1829 788 1872 in
808 1840 904 1870 oiarsore

43 1905 154 1951 Fronoioo
170 1912 212 1952 oet.
228 1910 364 1952 sectatorom
379 1919 463 1951 nornen
477 1906 630 1951 Hermesianis
645 1907 759 1966 imponat,
773 1936 804 1943 -
822 1908 904 1953 alium-

46 2001 88 2045 que
107 1988 242 2047 Choragum,
261 1987 298 2046 qui
313 1987 453 2032 orimInando
471 1988 574 2044 increuit,
591 1987 627 2045 qui
644 1988 734 2032 occirlto
750 1988 903 2046 professores,

44 2068 167 2112 canonicos
185 2065 319 2124 capitulares
335 2065 473 2110 denuntiauit
488 2093 519 2101 -
533 2094 564 2101 -
579 2066 623 2110 ianr
641 2080 733 2126 operam
749 2081 819 2125 suam,
836 2083 902 2127 quana

45 2146 188 2192 eluistianarn
207 2148 289 2203 iactat,
321 2146 430 2190 adversus
450 2145 611 2190 tlermesianos
633 2147 764 2191 insumere?
786 2148 830 2191 iam
845 2160 901 2194 uero

45 2231 91 2271 tota
110 2228 152 2271 ista
168 2231 259 2270 caterva
278 2225 349 2269 hosce
372 2223 486 2284 choragos
508 2225 656 2269 sectantium!
688 2226 826 2285 Longissima
845 2241 902 2274 sane

44 2322 130 2354 morum
147 2306 347 2353 describendorum
364 2307 472 2363 materia,
496 2306 515 2352 si
531 2305 620 2365 quidem
637 2319 713 2353 mores
730 2309 844 2367 appellare
858 2323 902 2354 ue.

44 2390 78 2448 lis,
93 2390 112 2436 si
128 2391 176 2448 quis
192 2387 265 2434 nullos
283 2386 358 2431 habet.

110 2472 242 2517 Doctrinam
266 2469 349 2525 tatem,
367 2467 441 2526 >qualis
464 2471 499 2513 est
519 2480 576 2527 quae
598 2468 764 2515 Lamennaeum
787 2476 901 2517 auctor-em

45 2548 124 2608 habet,
139 2564 195 2609 quae
214 2555 236 2594 et
250 2549 323 2608 palam
342 2554 364 2593 et
381 2549 438 2593 clam
454 2561 495 2607 per
512 2548 652 2595 Germani-am
672 2551 772 2609 dispersa
792 2557 832 2607 est,
849 2558 902 2596 tan-

45 2635 97 2689 tum,
114 2635 220 2691 quantum
236 2634 317 2688 potest,
336 2629 507 2674 emolumentum
524 2635 600 2689 petere
621 2644 649 2674 ex
661 2632 727 2675 ltreui
744 2632 825 2690 papali,
839 2632 900 2676 edito

47 2712 155 2758 adversus
172 2709 298 2756 huiusmodi
314 2714 425 2767 systema,
449 2710 509 2768 quod
528 2722 616 2769 semper
633 2710 664 2753 illi
682 2710 798 2756 doctrinae
815 2713 902 2769 restitit,

46 2792 68 2836 id
83 2806 123 2852 per
140 2773 166 2837 se
184 2795 283 2850 apertum
301 2793 349 2844 est,
373 2788 396 2833 id
413 2801 442 2833 ex
464 2790 530 2834 solito
553 2802 626 2833 rerum
642 2788 786 2835 humanarum
804 2792 902 2838 decursu

47 2868 113 2916 facile
131 2870 266 2930 intelligitur.
299 2866 344 2912 Sed
361 2867 470 2926 principia
485 2869 633 2915 Lamennaeia
650 2881 690 2926 per
705 2869 901 2916 Franco-Galliam

47 2951 145 2995 nondum
162 2952 217 2996 satis
235 2948 379 2995 disseminata
398 2953 462 2994 erant
479 2954 501 2995 et
517 2949 641 3007 explicata,
670 2948 748 2994 deerat
771 2951 837 2996 etiam
855 2957 902 2998 tum

47 3035 144 3088 systema
160 3029 318 3090 theologicum,
333 3027 394 3086 quod
410 3028 484 3074 locum
503 3028 590 3086 „inuitis
608 3015 748 3086 systematis&
763 3032 847 3077 veteris
865 3033 903 3079 di-

48 3111 155 3169 sciplinae
172 3110 314 3169 theologicae
324 3113 454 3166 oocuparet,
473 3109 536 3168 qualo
552 3121 592 3166 per
605 3104 696 3153 saecula
712 3115 815 3169 „srceptro
825 3115 901 3171 plena-

48 3186 100 3235 bed‘
117 3193 140 3237 in
157 3192 254 3237 eeclesia
272 3190 408 3236 dominatum
425 3195 479 3237 erat.
511 3188 617 3247 Magister
635 3188 728 3236 scholae
745 3198 809 3239 vates
825 3195 900 3240 roris-
