1979 3399
393 113 575 165 ...85-

52 249 153 319 egregiis
170 256 245 315 libris,
261 270 365 305 sermone
383 257 486 317 populari
503 255 599 315 scriptis
619 253 714 302 ornatae
732 248 803 295 suut?
835 247 915 294 Nonne

52 325 101 396 ipse
118 337 273 383 sanctissimus
289 338 368 394 Pater,
385 335 509 394 Gregorius
525 333 582 379 XVI.
600 333 681 379 librum
698 331 759 377 illum
775 330 916 388 exquisitiori

52 403 155 463 doctrina
165 422 187 462 et
203 431 277 463 rerum
294 417 360 475 copia
377 412 743 472 0101000011551010101111100ΐο
760 409 917 458 dettoSomo

52 499 119 546 Sede
141 497 216 542 ltalice
233 498 342 554 scripsit?
373 496 408 540 Ab
429 498 525 538 exeunte
551 493 642 539 saeculo
664 493 817 553 praecedente
836 502 916 535 omnes

51 578 227 635 praesentiores
255 575 388 621 Germaniae
413 572 514 632 theologi
536 585 605 631 opera
626 587 667 618 sua
687 574 763 633 lingua
786 569 914 615 Theodisca

51 657 242 715 conscripserunt.
274 655 302 699 Et
318 660 393 701 tanton
409 665 467 699 nnus
485 659 518 700 est
529 653 668 711 Hermesins,
686 668 751 714 quem
768 653 796 699 oh
814 653 915 712 linguam

50 736 198 789 Tlrcodiscam
213 737 236 780 in
253 736 315 780 lihris
333 740 356 779 et
365 733 701 794 praelectionibus.adhibitam
716 735 740 779 in
761 735 913 792 suspicionem

50 814 143 860 adduxit
157 816 285 861 Perronius.
318 816 340 861 si
356 815 487 861 Hermesius
503 826 600 873 poenam
615 816 836 873 meruit‚pi·opre1·ea
852 812 913 870 quod

49 893 190 951 Theotisca,
212 893 233 940 h.
247 908 266 939 0,
290 895 361 953 patria
385 894 462 953 lingua
483 894 506 939 in
528 893 591 938 lihris
609 892 675 938 editis
691 905 745 937 usus
763 897 811 949 est,
837 906 877 937 cur
894 905 913 937 s.

49 974 198 1032 Athanasius7
220 987 239 1019 s,
256 973 394 1034 Augustinus
420 974 501 1020 eodem
520 975 614 1019 crimine
637 986 684 1018 non
702 974 841 1018 onerantur?
868 973 912 1018 Cur

49 1055 169 1101 Perronius
177 1049 233 1100 vvnon
252 1056 318 1100 etiam
336 1049 467 1115 episcopum
474 1045 588 1113 Frinhum,
599 1067 646 1100 non
657 1055 787 1114 episcopum
797 1053 915 1110 Sailcrum,

49 1148 96 1179 000
107 1136 236 1194 episcopum
243 1135 355 1193 Galuram,
368 1149 415 1181 non
431 1136 565 1181 canonicum
583 1136 711 1194 Geigerum,
726 1148 765 1182 cur
777 1147 823 1179 000
835 1134 915 1179 Binte-

48 1213 137 1258 rimimn
152 1214 303 1271 reprehendit,
319 1216 442 1260 animarum
458 1211 573 1273 pastorem
589 1215 730 1272 eundemque
741 1214 914 1258 multorumve-

48 1290 153 1336 luminnm
164 1292 294 1337 ellectorcm
309 1299 330 1338 et
340 1295 480 1339 notissimam
498 1296 521 1339 in
540 1296 659 1339 Germania
677 1296 772 1349 (utinam
790 1299 812 1337 et
827 1293 913 1338 Romae

48 1371 139 1429 luisset)
156 1371 283 1417 hominem!
301 1386 341 1417 cur
357 1373 417 1418 idem
432 1387 479 1419 non
495 1374 641 1432 reprehendit
656 1373 705 1419 lere
723 1386 802 1418 omnes
815 1372 912 1418 Germa-

47 1453 108 1496 niae·
123 1451 343 1511 theologossquod
366 1452 436 1498 lihros
459 1466 513 1498 suos
531 1454 658 1498 Theodisca
681 1454 758 1514 lingua
778 1452 912 1498 ediderint?

47 1530 83 1575 An
93 1530 256 1575 unillermesio
266 1544 313 1575 non
330 1531 391 1589 lieet,
409 1531 469 1591 (prod
488 1533 570 1577 ceteris
587 1532 702 1593 theologis
719 1534 822 1578 onnrihus
839 1534 910 1578 licei?

47 1611 70 1654 Si
86 1610 131 1653 hoc
149 1614 183 1654 est
197 1623 290 1654 narrare
307 1611 356 1654 siue
374 1611 411 1655 uu
426 1616 447 1655 ct
462 1612 545 1666 sardio,
562 1625 618 1656 sane
633 1613 663 1669 id,
681 1613 741 1672 quod
754 1613 847 1659 dicinnrs
859 1614 910 1659 sine

49 1690 83 1735 ira
101 1689 214 1746 etstudio⁷
231 1703 284 1735 mox
303 1691 360 1750 apud
379 1704 458 1754 omnes
472 1691 545 1737 honos
563 1691 719 1739 diffamabitur.

47 1894 178 1945 dhetlrodos
196 1896 367 1946 Hermesz'ooo.
400 1898 525 1948 Hermesii
547 1902 577 1949 dc
596 1902 707 1951 methodo
731 1909 909 1957 coronarentotio.

68 1977 71 1981 ’
102 1977 201 2035 Locos,
223 1978 344 2028 Vane-earu
362 1979 512 2028 Lirinensis.

109 2108 171 2161 Quae
190 2109 263 2154 adhue
280 2112 424 2169 exposuimus
441 2113 575 2169 ostendunt,
598 2114 650 2172 qrrld
668 2116 809 2162 sentiendum
831 2121 860 2164 sit
879 2122 908 2166 de

45 2187 82 2244 iis,
99 2201 156 2245 quae
172 2189 291 2234 l'erronius
309 2191 338 2233 de
356 2190 462 2236 methodo
479 2192 577 2237 tradidit.
610 2194 722 2252 Fortasse,
740 2197 777 2253 qui
794 2202 847 2243 tunc
865 2200 907 2246 fuit

45 2267 148 2314 Vicarins
168 2270 289 2328 generalis
307 2270 409 2317 Clemens
425 2272 539 2331 Augustus
555 2273 583 2318 de
598 2274 681 2320 Droste
697 2276 762 2320 aliam
777 2279 907 2327 methodum

46 2347 206 2394 Hermesianae
222 2351 336 2408 praetulit,
353 2353 394 2397 sed
410 2354 509 2400 simultas
526 2356 555 2401 oh
573 2356 702 2402 methodum
719 2372 832 2419 uurrqnam
850 2363 909 2410 iuter

46 2438 87 2471 eos
105 2434 184 2474 exorta
202 2434 243 2474 est.
276 2431 317 2477 'lot
335 2433 437 2479 malado
454 2435 561 2481 methodo
576 2438 724 2484 Hermesiana
740 2448 831 2486 narrata
848 2449 906 2500 sunt,

46 2510 68 2550 01
88 2521 182 2567 acquum
199 2510 308 2568 rideatur,
325 2514 348 2556 10
364 2527 391 2558 00
408 2514 544 2575 aliquantum
560 2518 684 2577 immorari,
699 2525 723 2565 01
740 2527 841 2568 naturam
857 2526 906 2570 eius

46 2590 68 2630 et
84 2600 126 2646 qua
143 2589 230 2635 ratione
249 2592 277 2636 ad
295 2593 350 2638 alias
366 2595 484 2654 referatur,
502 2601 629 2644 accuratius
649 2613 823 2660 cognoscamus.

92 2665 150 2710 1110
166 2680 205 2712 eas
222 2669 341 2716 methodos
358 2675 467 2733 reperias,
486 2690 543 2735 quae
560 2683 604 2722 tam
621 2687 670 2725 arto
688 2682 777 2727 uinculo
797 2697 845 2728 crrrrr
861 2697 905 2728 na-

46 2743 93 2786 tura
103 2745 151 2790 eins
161 2747 202 2804 rei,
222 2762 279 2806 quae
287 2756 403 2812 tractatur7
423 2756 567 2814 cohaereant,
582 2762 606 2802 ul
614 2758 657 2805 alia
667 2763 723 2807 alius
734 2763 839 2807 inlocum
849 2777 904 2807 sue-

47 2823 127 2869 ccdere
143 2833 247 2885 nequeat.
279 2830 372 2878 dilatoria
395 2837 454 2881 eninr
474 2838 617 2896 plurimarum
643 2841 809 2899 disciplinarum
826 2848 848 2886 et
865 2857 905 2888 ar-

45 2902 96 2947 tium
113 2908 143 2950 ita
161 2914 289 2967 comparata
307 2919 356 2971 est,
378 2920 402 2959 ut
419 2917 493 2975 plnres
511 2919 629 2965 methodos
649 2922 755 2966 admittat.
789 2922 844 2966 lude
860 2937 905 2968 ra-

45 2983 91 3026 riae
107 2988 219 3045 methodi3
243 2992 297 3037 inde
313 2994 424 3052 loquimur
448 2999 476 3043 de
497 3001 602 3045 methodo
621 3000 732 3046 didactica
752 3003 799 3045 sire
818 3003 847 3047 de
863 3018 906 3063 sy-

45 3066 176 3126 stomatice,
199 3071 227 3115 de
244 3073 350 3119 methodo
372 3077 503 3126 inveniendi
519 3083 567 3127 sire
584 3082 700 3128 Socratica
712 3114 727 3137 ‚-
741 3082 769 3126 de
796 3085 906 3131 methodo

45 3145 163 3206 0001011001,
180 3152 207 3195 de
223 3152 358 3211 synthctica,
378 3157 405 3201 de
418 3159 534 3217 historica,
551 3161 579 3205 de
595 3161 680 3205 critica.
699 3161 783 3209 Omnes
800 3164 844 3209 hae
854 3180 905 3210 me-

45 3219 106 3267 tlrodi
119 3239 171 3272 snas
186 3244 287 3291 quaeque
304 3235 397 3281 uirtutes
415 3238 505 3297 11011001,
522 3246 543 3284 01
555 3239 618 3284 ludus
630 3247 667 3286 aut
678 3241 737 3288 illins
756 3246 838 3291 electio
855 3247 903 3291 lieri
