1979 3399
418 39 600 91 ...pp-

141 185 187 243 ,Ne
202 183 251 243 quis
268 182 372 240 iudicet,“
389 180 520 226 Hermesius
539 178 593 224 dicit
607 183 641 233 ¹),-
657 187 802 234 ,‚pe1·uersum
818 179 878 233 esse,
896 173 940 220 de-

79 265 179 323 sideria,
201 264 237 309 vel
254 263 314 324 quod
341 262 400 307 idem
422 261 467 306 hoc
486 261 539 305 loeo
556 260 632 316 valet,
658 257 810 303 dubitationes
835 258 942 300 excitare.

79 347 179 392 Praestet
201 357 257 391 sane
283 344 305 387 in
329 343 378 387 aliis
400 341 469 387 rebus
488 354 534 385 non
558 340 643 385 sentire
668 330 801 396 desideria,
826 353 891 398 quam
908 338 943 383 his

80 427 213 474 satisfacere
231 437 276 468 non
294 435 378 481 posse,
402 422 425 465 iu
447 421 520 466 future
538 420 662 481 Religionis
680 420 790 480 magistro
807 431 854 463 non
871 419 901 463 ita
919 431 945 463 sc

79 522 117 555 res
142 507 216 552 hahet.
249 504 314 548 llunc
330 501 390 546 seire
409 505 498 558 oportet
521 513 547 545 se
565 501 671 558 nescire,
698 505 722 545 ut
744 513 795 545 eam
817 500 945 556 scientiam,

80 602 124 648 qua
141 590 222 641 caret,
249 582 350 629 studiose
367 582 482 638 anquirat;
502 579 562 624 hunc
578 582 667 625 intimos
687 594 788 640 quosque
807 580 875 625 etad
892 592 945 624 mo-

80 668 132 713 dum
149 662 280 722 Labyrinthi
301 661 447 719 complicatos
470 659 631 703 duldtationum
655 673 761 704 recessus
785 661 944 719 pervestigare

81 751 184 805 oportet,
206 749 230 788 ut
245 742 317 802 possit
335 742 456 801 aliquando
481 741 539 786 alios
558 741 685 785 tlirliilantes
703 741 725 783 iu
744 741 847 784 omnihus
864 754 944 784 eorum

81 827 124 871 viis
141 824 257 884 prosequi,
273 822 333 866 huuc
351 825 440 880 oportet
456 835 506 866 cum
522 820 660 879 unoquoque
676 818 817 875 aduersario,
835 823 945 864 etnostra

80 904 201 964 praecipue
219 906 292 945 aetate
313 914 363 945 cum
382 901 409 945 iis
427 901 450 944 in
468 914 560 945 arenam
581 899 731 956 descendere,
749 901 786 959 qui
803 905 888 959 negant
902 913 946 945 eo-

81 997 138 1041 rum,
156 981 341 1041 [praealiquaudo
355 981 463 1027 docturus
479 982 516 1039 sit,
533 981 653 1040 quidquam
668 981 728 1025 scire
745 993 821 1039 posse,
839 994 876 1036 ne,
893 979 946 1025 dum

80 1064 114 1108 illi
131 1062 226 1108 irrident
247 1061 399 1120 religionem,
424 1063 473 1121 ipso
492 1062 633 1110 ohrnutescat
658 1065 725 1119 atque
748 1061 793 1106 hoc
817 1060 885 1106 modo
907 1060 945 1118 iis,

82 1156 139 1202 quos
158 1142 291 1187 confirmare
309 1141 392 1198 dehet,
407 1141 538 1187 scandalum
551 1143 642 1199 afferrat,
660 1143 736 1187 omma
752 1147 884 1202 argumenta
901 1142 946 1186 du-

81 1222 167 1270 bitandi
184 1222 305 1280 diligenter
320 1222 453 1280 explorabit,
471 1228 493 1267 et
511 1224 587 1268 emnia
605 1227 718 1278 secernet,
735 1223 815 1282 quihus
831 1236 884 1267 sese
903 1223 946 1267 de-

82 1302 137 1345 dere
153 1305 263 1359 cogantur
280 1314 372 1357 ernues,
396 1303 433 1359 qui
454 1316 510 1347 suna
526 1307 602 1348 mente
621 1302 717 1362 praediti
735 1308 793 1359 sunt,
809 1316 838 1347 ne
858 1303 907 1361 ipse
924 1306 947 1346 et

82 1386 214 1440 argumenta
235 1381 283 1425 eius
306 1382 329 1425 in
350 1382 469 1427 ludibrium
484 1388 615 1439 vertantur;
640 1383 738 1441 denique
765 1383 867 1428 ueritatis
889 1395 946 1427 san-

83 1462 158 1505 ctitate
175 1461 292 1518 impleatur
305 1466 402 1519 eportet,
422 1468 444 1506 et
460 1462 514 1506 nihil
529 1463 600 1521 magis
615 1462 702 1520 fugere,
721 1465 743 1505 et
758 1465 865 1519 tanquam
882 1472 945 1504 sum-

82 1554 141 1585 mum
165 1544 281 1599 peccatum
302 1542 373 1585 uitare
394 1541 477 1597 dehet,
503 1541 653 1599 tpiainaliud
675 1555 715 1585 cre
732 1541 806 1594 fateri,
823 1540 884 1585 aliud
901 1552 945 1597 pe-

83 1625 147 1665 ctere
163 1621 262 1665 clausum
286 1621 365 1679 serre,
389 1625 413 1664 ut
435 1624 557 1679 separet,
581 1620 610 1665 ob
632 1621 752 1664 ueritatem
774 1620 849 1663 oinuia
872 1619 945 1663 relin-

83 1711 153 1756 quere
175 1703 197 1744 et
217 1703 269 1742 tunc
292 1712 382 1758 queque
407 1699 436 1743 de
453 1698 537 1744 lehora
553 1701 643 1758 testari,
669 1712 719 1743 cum
739 1713 806 1744 enine
823 1698 903 1758 uulgus
917 1698 946 1742 ad

83 1776 173 1822 Baalcm
191 1778 301 1824 festinat.“

146 1857 271 1904 Considera
288 1873 373 1919 quaeso
390 1860 448 1906 haec
464 1863 534 1907 verha
559 1867 581 1907 et
602 1863 651 1920 ipse
667 1866 689 1906 tc
706 1873 780 1920 roga,
804 1875 833 1905 an
848 1860 946 1905 Herme-

84 1937 131 1982 sius
148 1939 208 1984 aliud
224 1954 237 1985 a
252 1941 409 1986 sacerdotibus
425 1943 541 1988 catholiciS
558 1943 713 2002 postulaverit,
734 1956 800 2001 quam
817 1941 877 2000 quod
892 1941 945 1986 hlu-

84 2019 181 2063 ratorius
197 2020 256 2065 hunc
272 2022 295 2065 in
310 2023 401 2067 modum
417 2025 521 2082 poposcit
533 2029 567 2079 2);

149 2099 206 2157 „Sed
229 2113 275 2144 non
300 2101 387 2146 ideirco
411 2116 490 2147 ornrres
512 2103 652 2148 Christianos
673 2101 701 2144 ab
725 2102 853 2145 luriusmodi
874 2114 945 2145 onere

86 2179 210 2226 eximimus.
242 2181 383 2227 Arhitramur
399 2185 473 2239 euim,
497 2196 577 2228 sacros
594 2182 748 2227 Ecclesiarum
771 2182 902 2239 ministros,
923 2186 946 2226 et

88 2272 174 2317 omnes,
194 2260 274 2319 quihus
291 2261 415 2306 erudienda
432 2262 531 2306 creditur
546 2261 611 2320 plehs
628 2261 721 2317 Christi,
744 2259 829 2304 debere
849 2259 947 2319 diligen-

88 2346 123 2387 ter
138 2342 252 2400 inquirere
271 2346 294 2387 et
317 2355 415 2388 noscere
434 2343 574 2388 Christianae
590 2343 658 2402 Legis
676 2341 821 2386 hrndamenta
839 2355 867 2385 ae
884 2342 949 2399 prin-

90 2422 162 2480 cipia;
184 2436 258 2481 neque
275 2423 340 2468 huius
358 2429 443 2469 tantum
458 2427 589 2482 ueritatem,
613 2424 654 2469 sed
671 2428 693 2467 ct
709 2422 845 2481 reliquarum
860 2422 948 2481 falsita-

88 2505 133 2545 tem
149 2504 234 2548 habere
252 2511 401 2563 perspectam.
434 2507 487 2550 Tum
500 2507 566 2550 etiam
583 2506 655 2565 magis
670 2505 824 2549 necessarium
840 2503 949 2560 clusimus,

90 2596 156 2641 quum
167 2582 305 2629 Christianus
321 2586 415 2644 populus
430 2586 578 2632 inGentilium
591 2592 613 2631 et
629 2587 722 2631 aliarum
739 2588 851 2629 sectarum
867 2584 950 2628 uicinia

90 2663 222 2707 constitutus
241 2670 283 2722 est,
302 2672 325 2711 et
340 2671 377 2711 aut
394 2667 486 2712 occasio
503 2667 555 2724 fert,
574 2673 612 2711 aut
621 2666 723 2711 Charitas
741 2664 827 2720 suadet,
843 2676 949 2721 puguan-

91 2740 143 2785 dam
160 2754 323 2799 saepenumero
346 2758 397 2790 esse
414 2759 461 2791 non
477 2746 549 2790 minus
567 2751 647 2789 contra
663 2745 858 2802 superstitionem,
880 2756 948 2802 quam

90 2834 131 2879 pro
147 2821 265 2881 Religioue
281 2822 388 2883 legitima.
422 2825 516 2880 Quando
533 2827 599 2883 enim,
616 2830 639 2871 ut
657 2824 765 2879 diximus,
782 2821 863 2880 populo
883 2821 951 2867 Chri-

92 2947 193 2958 Ὰ*
202 2955 207 2957 η
213 2955 302 2962 -Δ--ᾕ-

132 3015 152 3068 1)
166 3015 251 3053 Praefat.
264 3017 374 3058 Introduct.
384 3005 506 3073 philosoph.
518 3035 539 3073 p.
553 3020 595 3058 XV.

130 3088 152 3136 2)
166 3088 196 3123 De
210 3086 336 3136 ingeniorum
354 3091 494 3131 eruderatione
519 3093 540 3131 iu
556 3089 657 3141 religionis
678 3088 768 3139 negotio,
794 3088 839 3128 Lib.
853 3087 868 3124 1.
894 3098 911 3123 c.
929 3084 948 3121 41

167 3170 186 3209 p.
203 3156 234 3194 ὅθ.
251 3156 300 3198 edit.
313 3159 395 3209 August.
409 3162 466 3202 1779.
