1979 3399
422 94 621 148 *eal-

92 251 138 297 gua
163 238 240 284 ltalica
260 226 405 299 ,coriscriptus'
420 242 456 284 est
471 252 485 283 a
501 236 628 296 littipottio,
642 236 722 283 Latine
739 250 864 285 conversus
881 252 950 300 opera

91 318 208 365 Silvestris
224 331 239 362 o
253 316 322 363 Petro
337 317 437 372 Senecam
453 323 547 378 uterque
564 319 668 365 societati
684 317 735 364 lesu
752 318 876 380 adscriptus
894 328 949 369 erat.

153 400 206 444 llius
225 399 276 443 libri
293 405 358 459 caput
373 399 412 444 Vll
428 400 564 459 inscriptum,
576 404 624 445 est:

91 481 263 527 Crintinotiones
284 486 306 526 et
323 481 457 540 catalauniae,
474 493 531 540 pons
546 484 677 539 pussrrscst
693 479 791 530 (liversis
806 481 950 540 temporibus,

199 562 320 608 occasione
338 562 552 608 Controuersiarum
569 566 589 607 ct
605 561 629 607 id
643 575 714 621 peleos
729 560 857 607 Librorum.

154 642 232 700 ,Adeo
258 642 364 689 celeriter
385 645 495 690 extulerat
516 657 541 689 se
557 642 685 688 Bellarmini
700 655 796 700 nomen,
812 637 842 688 ne
859 641 949 703 quidem

92 724 115 768 iu
131 723 233 769 hostibus
251 725 386 784 obscurum,
407 730 431 772 ut
446 727 547 787 cogitare
564 726 613 785 (pris
627 730 707 784 posset
722 724 849 782 bominem,
866 724 902 784 qui
918 724 949 768 ita

92 819 160 864 supra
179 811 271 852 exteros
288 808 404 865 emineret,
421 808 506 853 invidia
520 807 628 852 naaiorenr
647 820 706 852 esse.
740 808 785 854 Sed
800 807 865 852 huius
882 805 949 851 alila-

94 893 129 933 tus
146 891 232 945 tentat,
255 886 367 946 adicitque
390 888 582 933 indiscriminatim
599 887 684 933 omnes.
716 887 762 933 lmo
782 901 871 946 semper
888 888 949 932 inei-

94 967 131 1013 dia
149 972 197 1024 est,
215 980 272 1026 qirae
290 981 375 1014 summa
391 971 453 1028 petit,
471 974 575 1028 temptam
592 967 666 1028 ignis:
683 972 708 1012 ut
723 967 755 1014 sit,
766 968 875 1018 hactenus
892 982 950 1014 eon-

93 1063 183 1095 cessum
201 1050 292 1107 nemini,
307 1052 453 1110 temporibus,
470 1051 549 1111 quibus
566 1051 656 1105 eminet,
672 1050 784 1095 non'eius
802 1054 887 1096 aestum
906 1050 950 1095 ali-

94 1144 160 1190 quem
175 1132 235 1190 pati,
257 1137 280 1177 et
297 1133 357 1191 prod
374 1133 465 1192 gravius
482 1137 529 1191 est,
552 1133 663 1178 interdum
681 1145 728 1177 non
745 1131 808 1177 adire
826 1133 949 1191 periculum

93 1211 196 1270 adaeque
211 1213 234 1258 in
250 1227 333 1274 magna
349 1213 416 1271 lama,
434 1218 499 1272 atquc
516 1216 540 1259 in
556 1213 622 1259 mala.
653 1268 654 1271 Ἰ

153 1293 236 1340 Audita
259 1299 294 1338 est
310 1279 392 1353 ‘itaque
414 1294 543 1339 Bellarmini
568 1295 635 1339 etiam
660 1293 786 1339 detrectare
807 1293 901 1351 laudes,
927 1297 949 1337 et

90 1388 234 1435 eorrumpere
250 1374 359 1429 honores,
378 1366 434 1434 (piros
451 1376 586 1433 promeritus
604 1380 652 1420 erat
668 1376 791 1420 occasione
808 1374 948 1420 Controver-

91 1458 188 1514 siarum3
204 1456 246 1503 sed
262 1468 309 1501 non
327 1457 349 1500 ei
366 1455 404 1501 diu
422 1457 667 1512 interturbar·esouum
684 1457 771 1516 gloriae
783 1456 861 1515 potuit,
875 1455 948 1501 siluit-

92 1552 136 1598 que
153 1551 200 1583 non
217 1540 248 1583 ita
263 1539 332 1584 multe
348 1543 413 1597 post,
440 1552 490 1584 cum
508 1552 534 1584 se
558 1539 639 1584 ellerre
657 1540 742 1584 veritas
754 1539 848 1598 primum
865 1539 947 1597 coepit,

91 1625 115 1665 nt
130 1620 272 1667 nrauilestunr
294 1625 329 1668 est
344 1621 367 1666 in
384 1620 477 1666 eruditis
493 1621 565 1678 iuxta,
588 1625 611 1665 et
635 1618 728 1678 prolixis
753 1618 948 1678 disputationibus,

91 1712 147 1758 quas
161 1711 203 1757 pro
220 1698 348 1746 bellarmini
371 1698 505 1752 defensioue
527 1700 649 1758 scriptores
666 1701 739 1758 rarii,
759 1705 782 1746 et
802 1700 948 1746 laudatissimi

93 1785 290 1838 composuerunt.“

155 1860 273 1920 Postquam
295 1860 371 1919 plures
388 1858 511 1905 calumnias
528 1860 674 1918 enumeravit,
690 1873 745 1920 quas
759 1860 905 1907 Bellarnrinus
919 1861 947 1906 ab

94 1941 186 1999 exteris,
202 1942 230 1986 ab
248 1940 379 1987 acatholicis
396 1944 501 1999 expertus
516 1944 572 1998 erat,
591 1946 670 1986 auctor
686 1953 779 1986 narrare
796 1943 882 2001 pergit:

156 2023 227 2081 „Dum
252 2021 288 2067 his
314 2021 506 2067 criminationibus
522 2022 649 2068 Bellarmini
664 2023 732 2069 vitam
747 2023 803 2068 loris
816 2023 949 2069 Adversarii

93 2106 162 2163 eius,
180 2106 290 2150 incertum
308 2104 448 2150 dedecorant
471 2118 501 2149 an
514 2104 641 2159 illustrant,
664 2104 764 2162 Romae,
787 2104 825 2149 ubi
840 2116 891 2148 esse
908 2117 949 2149 se-

96 2186 172 2232 curior
188 2184 311 2243 debuisset,
328 2184 409 2244 quippe
424 2184 448 2229 in
463 2184 525 2230 Arce
541 2185 612 2243 prima
630 2185 737 2231 defensae
753 2200 766 2230 a
783 2198 808 2231 se
818 2185 950 2246 Religionis,

94 2267 195 2324 invidia,
211 2280 269 2325 quae
283 2266 359 2311 virtuti
375 2278 464 2324 semper
482 2266 554 2310 extitit
571 2266 717 2323 machinosa,
733 2267 775 2325 ipsi
791 2271 878 2311 struere
892 2266 950 2311 iusi-

96 2348 145 2393 dias
161 2349 233 2407 magis
250 2347 401 2391 clandestinas
419 2349 500 2405 coepit.
533 2346 628 2400 Quidam
644 2347 668 2392 in
688 2347 744 2392 urbe
762 2360 832 2405 aegre
848 2346 950 2391 ferebant

97 2427 225 2473 Bellarmini
236 2438 327 2481 nonreu,
337 2429 455 2482 antequam
470 2427 537 2472 etiam
547 2426 644 2485 Purpura
656 2427 810 2484 illustraretur,
824 2439 876 2471 esse
892 2426 950 2487 apud

96 2517 177 2552 omnes
193 2503 329 2563 dignationis
351 2507 433 2547 tantae.
456 2503 585 2561 ,Creuitque
601 2502 718 2563 molestia,
741 2520 790 2554 cum
815 2521 828 2554 a
853 2507 951 2555 SixtoV

97 2585 204 2633 Pontifioe
221 2584 303 2629 missus
318 2583 342 2627 in
359 2577 442 2628 Gallias
458 2581 507 2640 fuit,
524 2583 651 2644 'llreologus
666 2585 758 2634 Heanci
776 2589 876 2635 Caietam
894 2590 951 2636 Car-

101 2666 199 2723 dinalis,
222 2668 344 2724 postquam
365 2663 388 2707 in
410 2661 512 2722 Regnum
530 2662 583 2709 illud
606 2666 627 2711 ei
649 2667 892 2727 Legatioobvenerat.
923 2671 951 2715 Et

97 2749 166 2807 quia,
188 2745 312 2805 Legatione
331 2743 422 2800 adidta,
444 2742 538 2789 indoluit
553 2745 670 2806 Pontifex,
693 2763 706 2794 a
728 2750 839 2795 Cardinali
858 2752 950 2810 negotia

97 2826 193 2886 transigi
210 2824 323 2883 consiliis,
339 2837 398 2885 qnae
413 2823 465 2869 data
480 2824 587 2882 primitius
604 2827 702 2885 fuerant,
728 2829 779 2875 dum
801 2830 886 2876 Romae
902 2833 951 2891 ipsc

98 2906 142 2952 alia
158 2904 286 2963 meditatus,
302 2906 441 2965 propositam
457 2903 550 2949 haberet
562 2919 644 2951 nouam
660 2909 719 2953 viam
737 2910 826 2969 agendi,
840 2926 905 2970 (paam
922 2913 951 2957 ob

100 3000 180 3033 causas
192 2999 275 3046 graves
291 2986 391 3032 indicare
403 2985 460 3042 aliis,
477 2986 563 3044 grande
579 2988 713 3046 pericnlum}
731 2991 788 3035 sicut
806 2996 884 3038 contra
901 3007 951 3038 eam

93 3065 190 3125 ingredi
205 3065 264 3123 pede
283 3064 408 3122 inoffenso,
430 3058 620 3111 suscensebam·
638 3079 737 3113 summac
759 3069 910 3130 dexteritatis,
927 3078 951 3118 nt

102 3160 132 3191 ex
148 3147 248 3191 historiis
265 3145 359 3190 aliorum
375 3145 420 3203 peti
435 3146 522 3203 polesl;
544 3143 629 3190 idcirco
656 3148 778 3194 animorum
796 3165 823 3196 ea
840 3152 951 3198 discessio

100 3229 158 3273 inter
174 3226 302 3271 Pontificem
319 3230 341 3269 et
357 3225 465 3285 Legatum
481 3223 519 3269 vin
535 3225 626 3287 intelligi
643 3227 726 3274 Rornae
743 3236 823 3291 coepta
838 3238 886 3291 est,
902 3246 951 3278 curn
