1979 3399
373 122 575 175 ,..95-.

53 267 158 312 tlreticam
169 266 321 314 adhibeamus.
354 265 399 314 Sed
412 266 432 311 si
446 266 559 324 analytica
570 260 677 308 methodo
689 263 787 317 utamur,
804 259 915 318 discipulo

41 349 42 352 ’
53 349 143 393 obiecta
150 348 290 410 suppedites,
299 361 356 407 iprae
366 349 427 392 trinta
439 345 550 391 eiusmodi
560 353 752 406 nonnamomues
763 345 840 399 partes
850 355 915 385 com-

52 429 140 488 plexam
156 430 214 474 sicut
228 428 265 473 filo
289 432 396 473 conserta
412 428 469 483 sint,
486 437 539 484 quo,
557 424 608 468 dum
626 435 654 469 eo
673 421 726 467 (11111
741 433 767 467 se
783 421 872 480 patitur,
886 420 915 464 ad

53 521 131 552 omnes
143 508 243 567 singulas
253 511 328 565 partes
342 505 474 560 adducitur;
491 504 525 548 sic
539 504 709 559 animadvertet,
721 515 761 547 eas
774 514 853 547 ornnes
868 513 914 546 non

52 589 124 634 solum
137 588 244 633 collectas
257 599 316 643 esse,
332 598 411 631 rerum
423 584 491 629 etiam
506 588 566 628 certa
577 583 672 643 quadam
686 583 774 628 ratione
788 583 915 628 cohaerere

52 670 124 726 iisque
142 666 282 725 disciplinam
298 663 410 710 constitui.
443 662 501 708 Hinc
519 667 626 729 apparet,
644 663 815 720 dispositionem
836 664 914 719 (ordi-

52 754 118 802 nem)
137 757 196 803 esse,
214 758 257 804 qua
274 744 362 804 integra
379 744 418 789 siat
434 741 559 801 disciplina,
574 740 642 799 idque
659 739 720 788 nulla
731 741 774 787 alia
791 743 913 801 1111111111-

53 827 108 871 trari
124 838 200 885 posse.
532 861 534 864 .

116 904 173 958 Quid
189 903 288 948 utilitatis
306 901 437 960 disciplinae
455 904 586 955 accrescat,
599 900 623 944 si
638 898 747 957 iateprcnn
764 913 815 945 esse
830 901 915 953 intelli-

51 987 133 1044 gimus,
148 983 237 1042 planum
253 983 290 1028 liet
305 988 328 1026 et
343 982 494 1038 manifestum,
511 982 531 1026 si
549 980 688 1039 disciplinam
707 981 854 1038 dispositione
871 995 914 1026 ca-

51 1071 137 1110 rentem
156 1070 207 1118 ante
223 1064 319 1107 animum
335 1063 488 1120 proposueris,
504 1063 527 1106 in
543 1074 585 1120 qna
601 1048 703 1120 singulae
718 1065 794 1120 partes
812 1074 857 1106 uon
869 1064 914 1108 nisi

51 1146 151 1206 membra
168 1146 262 1190 disiecta
281 1149 433 1203 compareant.
467 1143 585 1198 Quomodo
601 1143 651 1188 talis
666 1142 784 1201 disciplina
799 1156 851 1189 sese
868 1145 914 1190 ira-

51 1207 106 1270 bet‘?
129 1227 210 1270 Nonne
225 1225 329 1269 aedilicio
347 1225 426 1269 similis
443 1229 489 1282 est,
511 1223 572 1282 qnod
594 1225 617 1268 in
635 1223 776 1269 aedificando
792 1226 913 1270 etiamnum

51 1311 161 1363 versatur,
177 1307 240 1351 cirins
255 1305 355 1366 singulas
370 1311 446 1366 partes
458 1305 547 1365 uiridem
562 1303 698 1365 perlustrare
713 1305 796 1365 possis
813 1305 855 1351 sed
871 1319 914 1351 cu·
976 1294 980 1301 ’

52 1382 86 1433 ius
110 1401 218 1434 smnmam
242 1399 288 1433 non
311 1386 391 1433 rideas
415 1388 522 1446 cuiusque
539 1387 639 1445 speciem
659 1392 734 1431 mente
751 1386 850 1431 formare
869 1402 914 1432 nc-

6 1526 9 1530 ,
50 1468 141 1529 queas?
159 1467 305 1527 Disciplirram
327 1468 357 1514 ita
375 1473 525 1527 comparatam
541 1481 571 1511 ne
589 1468 680 1512 nornine
697 1467 787 1524 quidem
807 1468 911 1526 discipli-

49 1561 93 1594 nae
111 1548 201 1607 dignam
217 1561 282 1604 esse,
299 1548 442 1593 manifestum
459 1552 500 1593 est.
534 1548 605 1600 Quam
624 1549 683 1592 enim
701 1549 819 1593 scientiam
835 1549 908 1593 disci-

49 1629 100 1689 pulo
118 1630 265 1674 conciliatura
284 1629 333 1673 est?
356 1629 442 1673 Nullam
469 1630 560 1674 omnino
583 1628 716 1685 scientiam,
739 1641 797 1687 (puae
815 1628 910 1674 alicuius

49 1710 114 1768 pretii
131 1711 167 1765 sit,
186 1723 234 1754 cum
251 1714 320 1753 totum
339 1710 399 1767 quod
416 1722 481 1754 mens
499 1722 580 1768 capere
598 1710 671 1767 possit
692 1708 748 1753 nihil
764 1708 853 1754 lrabeat.
886 1710 910 1756 Si

49 1788 192 1835 nihilominus
216 1789 299 1849 aliquid
323 1794 423 1849 praestat
446 1802 473 1834 ac
499 1790 631 1848 discipulum
648 1802 695 1834 non
713 1789 804 1834 oinnino
820 1788 910 1835 inanem

50 1868 142 1930 dimittit,
158 1883 229 1929 vagas
245 1870 353 1928 quasdam
371 1874 393 1914 et
408 1870 508 1915 incertas
528 1869 592 1914 ideas
609 1883 658 1914 cum
676 1883 704 1914 eo
727 1871 910 1925 communicabit,

49 1961 105 2006 quae
122 1955 211 2006 tamen,
228 1950 374 2009 simulatque
392 1963 442 1995 eam
459 1963 508 1995 rem
526 1964 539 1995 e
555 1941 680 2010 conspectu
695 1950 810 2009 omiserit,
828 1964 841 1996 e
858 1965 909 1997 me·
941 1985 944 1991 .

48 2029 120 2074 moria
136 2030 181 2073 cito
201 2029 325 2074 elabentnr.

110 2109 173 2153 Haec
196 2109 224 2153 de
243 2110 360 2168 disciplina
381 2113 403 2153 et
425 2109 521 2154 scientia
544 2110 567 2154 in
594 2110 723 2175 universnm
749 2111 810 2155 dicta
834 2117 908 2156 sunto.

49 2188 111 2240 01111
129 2189 166 2247 qui
182 2189 236 2234 satis
253 2190 440 2247 consideraverit,
456 2204 510 2234 mox
526 2191 568 2234 sibi
585 2191 736 2251 persuadebit,
752 2198 776 2236 ut
786 2192 840 2237 1111111
853 2192 906 2250 qui-
942 2180 944 2183 Α

49 2270 99 2312 deni
117 2273 202 2313 certum
222 2274 271 2327 est,
292 2269 374 2314 nullam
399 2270 539 2328 disciplinam
557 2270 584 2314 ad
604 2270 737 2315 tradendam
755 2277 829 2331 aptam
847 2285 908 2331 esse,

48 2351 92 2394 nisi
108 2351 128 2395 si
142 2355 189 2396 tota
205 2351 339 2397 declaretur.
354 2374 357 2377 <
373 2352 396 2398 Si
411 2366 468 2412 quae
486 2352 559 2397 adhuc
577 2354 679 2411 exposita
695 2357 747 2397 sunt
763 2353 792 2397 ad
811 2354 909 2412 dogma-

50 2430 116 2474 ticam
130 2431 268 2491 theologiam
285 2432 321 2477 vel
341 2433 442 2490 quamvis
466 2432 532 2477 aliam
547 2434 640 2478 maioris
657 2433 752 2478 ambitus
770 2433 909 2492 disciplinam

50 2511 195 2569 applicentur,
205 2518 279 2557 tamen
293 2511 402 2558 dubitatio
416 2512 515 2558 suboriri
528 2518 611 2573 potest,
624 2527 709 2559 verane
721 2513 778 2558 haec
793 2514 837 2560 sint
850 2528 908 2573 quae

50 2596 141 2636 ostensa
154 2597 212 2637 sunt.
244 2592 306 2637 Tunc
323 2593 382 2637 enim
399 2594 529 2652 apparebit,
550 2594 616 2639 talem
635 2595 789 2653 disciplinam,
808 2596 908 2653 quarnris

49 2669 91 2716 hac
108 2674 178 2731 prima
193 2674 287 2718 utilitate
307 2673 409 2720 methodi
432 2679 522 2732 careat,
550 2680 624 2720 tamen
646 2689 751 2735 magnum
776 2675 908 2721 cruditionis

50 2749 144 2798 lructnm
160 2753 241 2798 allerre
257 2767 334 2812 posse,
350 2756 373 2799 id
392 2757 452 2815 qirod
467 2755 605 2815 experientia
622 2754 677 2799 satis
692 2753 804 2799 luculente
820 2755 907 2810 probat.

48 2830 94 2875 Sed
111 2846 168 2890 quae
182 2833 284 2890 diximus
300 2836 328 2879 iis
340 2836 387 2880 hoc
396 2837 481 2882 tantiam
490 2837 605 2896 probatur,
620 2834 680 2878 nulla
698 2833 814 2892 disciplina
827 2846 908 2891 cpiam-

50 2910 83 2954 ris
101 2927 183 2973 magna
205 2915 317 2973 integram
339 2917 502 2962 institutionem
521 2916 623 2962 exhiberi
646 2926 728 2972 posse,
749 2913 793 2957 nisi
817 2914 837 2959 si
859 2918 907 2959 tota

50 3000 193 3050 proponatur.
231 2995 389 3055 Praeterquam
417 3003 490 3043 antem
516 2996 600 3057 aliquid
622 3006 726 3040 asserere
752 3005 797 3037 non
820 2993 861 3038 fnit
885 2995 908 3040 in

51 3072 132 3117 animo.
165 3075 221 3120 Nam
238 3075 298 3133 quod
315 3075 367 3121 lruic
386 3079 511 3125 sententiae
528 3076 639 3137 refragari
662 3074 766 3132 ridetur,
787 3073 811 3119 id
833 3088 909 3134 neipie

50 3150 83 3193 rei
98 3158 200 3199 naturam
215 3168 301 3214 neque,
323 3158 386 3203 cuins
406 3162 543 3205 mentionem
560 3158 660 3212 fecimus,
678 3156 832 3213 experientiae
851 3168 910 3201 con-

51 3231 141 3277 trarium
163 3237 313 3282 testimonium
329 3238 439 3285 incertum
455 3240 553 3286 reddere
568 3242 658 3297 potest,
683 3237 703 3282 si
720 3237 789 3282 inodo
812 3237 908 3283 111111111111
