1979 3399
404 84 584 117 ..ῃ-.-

76 215 150 268 niam
168 223 195 267 et
213 216 304 268 multis
324 216 390 284 aliis,
410 226 437 268 et
456 217 488 268 iis
506 215 540 268 ad
561 233 632 287 riuos
651 213 721 265 haec
745 231 787 264 res
812 213 929 265 manime

73 316 211 386 pertinere
230 316 338 371 videtur
352 316 442 387 lingua
458 316 659 386 impedimento
679 312 739 381 fuit,
758 313 837 381 liaeo,
857 331 928 382 (puae

73 415 164 486 primo
183 415 335 468 Theoclisce
356 416 477 486 explosita
495 426 572 484 sunt,
592 416 645 468 iam
667 412 809 467 communi
829 411 928 463 docto-

73 533 135 567 rum
154 515 301 566 hominum
320 532 446 565 sermone
466 524 588 565 enarrata
606 502 753 585 prodeunt.

149 613 393 684 Quemadmodum
413 614 477 664 libri
503 614 607 664 auctori
625 615 712 665 visum
733 623 772 665 est
789 613 862 665 nulla
881 630 928 662 ex-

74 713 214 766 cusatione
235 731 303 783 opus
321 731 377 764 csse
399 711 476 783 quod
494 712 564 763 liber
582 711 647 763 foris
665 711 792 778 daretur,
820 712 858 761 ita
875 711 926 761 La-

73 812 131 864 tine
144 811 222 883 quod
241 821 410 865 verterentur
424 829 494 882 (luae
506 809 658 862 Theoclisce
676 818 753 861 erant
767 809 929 879 proscripta,

74 931 132 963 non
151 911 240 963 solum
267 912 340 963 nulla
366 912 538 963 excusatione
566 929 635 980 opus
655 929 727 978 esse,
749 908 798 961 sed
817 908 891 960 idem
912 927 928 959 a

72 1019 230 1080 temporum
245 1009 404 1062 conditione
419 1010 528 1080 exposci
537 1008 688 1062 videbatur.
717 1009 784 1062 Nam
803 1009 875 1075 mala
893 1008 928 1060 de

74 1108 175 1178 quibus
195 1108 263 1160 dixit
281 1108 385 1161 indies
408 1109 526 1160 maiores
551 1109 621 1161 vires
640 1117 794 1176 assumunt,
820 1106 927 1159 indies

72 1207 151 1258 latius
170 1218 291 1277 serpunt.
342 1208 473 1260 Doctrina
500 1208 634 1260 catholica
656 1226 707 1277 per
726 1207 840 1259 nefarias
859 1216 929 1258 artes

74 1305 231 1376 extirpatur,
252 1307 375 1377 quisquis
393 1308 464 1359 hanc
477 1306 630 1359 doctrinam
647 1306 729 1358 docet
739 1317 822 1377 atque
833 1305 929 1357 delen-

73 1403 114 1456 dit
132 1423 148 1455 a
160 1405 230 1456 falsis
243 1405 379 1472 fratribus,
398 1407 479 1458 rebus
488 1407 650 1476 turpissimis
661 1404 805 1475 splendida
815 1405 929 1456 nomina

73 1502 326 1571 praetendentibus,
342 1504 480 1554 lacessitur
490 1494 623 1573 omnique
636 1504 810 1554 vexationum
829 1521 928 1573 genere

73 1600 183 1668 petitur.
231 1601 418 1651 Romanorum
439 1618 516 1652 aures
536 1602 682 1654 falsissimis
702 1610 728 1652 et
751 1601 926 1652 iniuriosissi-

73 1697 125 1748 mis
144 1698 321 1750 relationibus
339 1710 366 1750 et
375 1698 559 1752 delationibus
570 1701 769 1768 obtunduntur,
790 1701 838 1770 qui
852 1699 929 1751 domi

74 1794 198 1847 detestati
215 1807 278 1848 sunt
289 1797 366 1850 malis
380 1798 482 1849 artibus
491 1797 557 1850 foris
576 1798 722 1850 clarescere
739 1798 857 1851 student.
881 1800 930 1851 Er-

73 1910 149 1944 rores
157 1897 172 1956 ¹)
200 1896 364 1963 turpissimi,
396 1898 518 1967 neglecta
545 1898 621 1948 onim
652 1898 811 1949 auctoritate
837 1897 930 1949 divina

76 1998 157 2058 atque
174 1992 313 2060 humana,
337 2012 395 2044 non
414 1995 469 2046 iam
489 1996 518 2046 in
536 1996 656 2063 circulis,
676 1997 705 2047 in
725 1996 929 2063 conventiculis,

72 2086 120 2137 sed
130 2090 229 2157 palam,
246 2090 275 2140 in
296 2091 419 2142 omnium
433 2093 527 2161 oculis,
545 2094 574 2144 in
591 2093 661 2161 foro,
680 2094 708 2144 in
727 2094 846 2144 ecclesiis
863 2094 928 2163 ipsis

72 2185 270 2254 praedicantur.
309 2187 504 2240 Auctoritatem
519 2192 619 2243 summi
633 2189 773 2260 pontilicis
792 2191 928 2266 effectam

72 2284 220 2359 diligentia
239 2287 431 2357 praetendunt,
448 2300 478 2340 ut
495 2290 576 2340 liceat
594 2290 627 2340 iis
643 2300 790 2360 praecepta
802 2290 928 2342 ecclesia-

71 2383 137 2434 stica
153 2385 319 2456 perfringere
330 2396 357 2437 et
367 2387 480 2458 impune
491 2390 579 2460 sequi,
596 2407 651 2460 (luo
665 2388 777 2457 invidia,
797 2408 853 2460 quo
865 2407 927 2441 ava-

71 2481 145 2551 ritia,
167 2502 222 2552 quo
242 2485 387 2539 vitiositate
412 2489 563 2558 rapiuntur.
603 2488 769 2541 Prodierunt
795 2488 927 2560 proximis

71 2578 146 2630 hisce
161 2581 256 2634 diebus
266 2587 375 2640 litterae
389 2590 555 2660 encyclicae,
575 2608 645 2658 [puae
660 2591 693 2640 ab
705 2590 765 2659 ipso
786 2590 834 2658 qui
854 2608 927 2641 riunc

70 2677 122 2727 toti
142 2677 260 2733 dioecesi
279 2684 430 2737 Trevirensi
449 2696 564 2756 praeest,
584 2687 617 2737 ab
638 2687 773 2756 Episcopo
794 2687 821 2736 in
839 2686 926 2736 Parti-

70 2776 131 2845 tius,
152 2776 304 2834 Willzelrno
321 2784 460 2853 Giinther,
479 2786 514 2838 ad
525 2787 626 2837 clerum
641 2786 825 2837 Trevirensem
846 2782 926 2835 datae

24 2898 28 2901 ·
71 2885 141 2926 sunt.
182 2874 296 2930 Difficile
316 2901 374 2934 non
394 2893 433 2935 est
452 2884 575 2955 augurari
595 2902 651 2954 qim
668 2901 710 2934 res
729 2882 757 2933 in
775 2882 828 2934 hac
847 2881 927 2935 dioe-

72 3018 285 3028 ——s--ffl-——Q

112 3079 132 3127 1)
145 3079 260 3116 Prodilurus
284 3088 315 3119 est
338 3085 395 3124 brevi
416 3094 508 3138 tempore
526 3087 587 3131 liber,
610 3084 738 3122 Athanasius
761 3085 881 3134 inscriptus,
903 3085 924 3120 in

149 3163 189 3200 quo
205 3151 292 3201 pericula
308 3160 329 3191 et
343 3157 415 3196 [lamna
429 3159 533 3197 doctrinae
557 3155 668 3193 catholicae
689 3157 710 3193 in
726 3158 833 3193 Ger-inania
849 3157 920 3194 Latine

150 3224 241 3272 exposita
255 3230 307 3262 sinit⁹
