1979 3399
440 72 640 121 -caom

111 215 161 271 set‚
179 211 287 258 eiusmodi
311 210 449 256 adminiculis
469 212 501 257 uti
522 224 568 256 non
587 210 702 257 debuisset
719 211 908 271 archiepiscopus,
923 223 968 257 ne-

111 307 154 353 que
177 293 293 351 quominus
316 305 366 337 cam
392 292 512 352 perliceret
535 293 650 352 prohiberi
665 306 690 338 se
709 291 819 337 eiusmodi
843 292 967 337 rationibus

114 374 241 421 concedere
260 374 382 421 debuisset.
414 374 460 422 Sed
480 374 539 435 quod
556 379 674 422 asseverat
692 374 826 430 PerroniuS‚
848 372 892 418 hoc
907 372 967 419 idem

110 457 178 503 mrdto
205 456 297 502 maioris
323 457 389 502 etiam
415 459 521 503 momenti
543 463 584 503 cst.
616 457 672 503 Nam
689 458 709 502 si
724 471 802 504 verum
819 461 869 515 est,
890 455 967 502 theses

110 536 166 582 nihil
190 551 242 586 esse
264 538 308 583 nisi
330 543 458 585 accuratam
482 540 644 598 expositionem
668 538 748 584 Brevis
773 552 785 583 a
805 552 861 598 papa
886 538 967 583 adver-

110 631 149 665 sus
165 618 304 666 Hermesium
322 621 406 678 emissi,
428 622 521 681 primum
545 620 675 666 nccessarIo
698 621 859 680 consequitur,
884 621 968 666 asede

112 700 214 746 Romana
231 714 282 746 cum
300 702 471 764 archiepiscopo
490 704 683 749 communicatum
699 716 768 761 csse,
790 701 870 762 quibus
891 701 913 746 in
929 714 969 746 re-

110 781 153 827 bus
168 794 260 828 errores
275 767 399 831 doctrinae
410 786 572 831 condemnatae
588 791 705 847 constent,
723 800 773 831 cum
789 786 812 830 in
828 785 877 843 ipso
894 783 968 840 Brevi,

112 860 199 909 duabus
218 863 287 911 rebus
306 866 423 925 exceptis,
444 866 489 926 hoc
509 865 645 912 declaratum
665 880 711 913 non
733 867 776 922 sit3
803 865 885 910 deinde
902 866 968 910 etiam

113 945 271 1005 consequitur,
283 960 301 991 a
318 946 429 1007 Gregorio
445 948 495 994 Xlll
511 948 535 994 in
552 948 589 993 illo
611 948 677 995 Brevi
701 961 747 993 non
767 947 907 992 Hermesimn
927 958 969 991 so-

112 1026 171 1082 lum,
195 1027 237 1071 sed
259 1027 381 1087 theologos
405 1026 582 1086 celeberrimos⁷
603 1029 665 1073 viros
679 1028 848 1086 sanctissimos,
864 1030 969 1073 eminen-

113 1107 213 1152 tissimos
232 1107 344 1154 ecclcsiae
361 1109 481 1165 doctoreS‚
500 1110 571 1168 ipsum
595 1109 754 1157 catechismum
772 1111 896 1156 Romanum
912 1122 970 1154 con-

115 1186 233 1237 demnatos
255 1201 315 1234 esse.
354 1188 399 1235 lam
422 1189 552 1236 devenimus
574 1190 604 1236 ad
627 1187 718 1249 locum,
737 1191 774 1251 qui
788 1191 934 1249 Petronium,
949 1191 971 1237 si

114 1269 205 1327 quidem
219 1270 293 1315 honos
310 1269 422 1316 ecclesiae
439 1273 533 1332 eiusque
550 1272 629 1332 capitis
643 1272 737 1319 risibilis
754 1272 797 1331 ipsi
819 1271 884 1317 cordi
900 1275 970 1328 esset,

113 1351 211 1396 horrore
225 1353 339 1411 complere
356 1352 456 1399 deberet.
487 1354 543 1400 Nam
568 1355 588 1399 si
609 1355 730 1400 Perronius
750 1365 806 1398 uera
821 1353 884 1411 dixit,
900 1352 920 1398 si
935 1351 972 1397 di-

114 1432 204 1478 sb'nctio
219 1432 277 1477 iuris
292 1437 315 1478 cl
328 1433 386 1493 fricti
409 1434 436 1480 ab
454 1435 543 1494 origine
566 1447 607 1480 sua
621 1448 676 1479 vere
692 1433 839 1480 Iansenistica
856 1438 898 1490 est,
913 1433 972 1478 hcc-

114 1512 194 1568 relico,
210 1512 363 1569 schismatico,
380 1527 425 1560 uno
439 1514 510 1560 verbo
528 1515 547 1561 si
563 1514 706 1574 reprobanda
724 1520 766 1572 est,
783 1518 828 1559 tum
842 1527 871 1559 ex
881 1512 971 1573 Grego-

115 1596 150 1642 rio
167 1596 218 1641 Xl'l
240 1596 296 1640 aller
316 1595 430 1642 Honorius
446 1596 566 1657 procedit!
594 1597 665 1643 Aliter
686 1609 724 1642 res
741 1609 766 1641 se
781 1594 868 1641 habere
882 1595 972 1654 poterit,

116 1678 136 1725 si
153 1678 228 1725 missa
239 1676 276 1722 illa
291 1678 392 1723 Pcrronii
410 1677 558 1725 affirmatione
569 1678 734 1724 distinctionem
750 1677 842 1723 iurislet
857 1675 912 1723 facti
927 1676 972 1722 ad-

118 1758 243 1804 hibeamus.
843 1806 844 1809 Ἴ

180 1840 209 1896 0,
227 1854 292 1899 quum
310 1845 430 1884 tremerent
448 1839 566 1898 homines,
591 1841 611 1885 si
637 1839 780 1899 adspicerent
802 1839 876 1883 onmia
892 1839 973 1885 iniusta

119 1926 143 1976 et
153 1922 249 1978 nelarie,
265 1933 322 1979 quac
337 1919 396 1965 facto
412 1921 483 1979 primo
495 1919 568 1979 gradu
583 1920 612 1965 ad
628 1920 687 1965 hunc
705 1919 775 1980 ipsum
794 1923 888 1964 catenae
903 1920 974 1964 instar

119 2016 172 2050 sese
188 2007 316 2049 amrcctunl.
349 2001 446 2047 Verbum
461 2001 660 2056 inconsideratum,
676 1999 793 2046 affirmatio
811 2013 856 2045 non
875 2001 974 2046 circum-

119 2090 205 2144 specta,
228 2084 252 2128 in
275 2095 329 2141 quas
347 2081 474 2127 horrendas
496 2082 652 2128 aberrationes
668 2080 780 2126 hominem
796 2080 899 2139 abripere
918 2094 974 2140 pos-

119 2166 184 2212 suntl
209 2165 302 2210 Paruum
322 2163 425 2208 iniuriam
442 2163 527 2209 maiore
548 2164 658 2209 obtecturi
683 2167 746 2218 sunt,
769 2175 858 2220 semper
874 2174 933 2206 nova
950 2166 973 2206 ct

119 2247 195 2293 illicita
213 2244 339 2290 adiumenta
363 2243 513 2301 adhibentur,
530 2257 557 2289 ac
574 2249 689 2303 postremo
707 2243 844 2302 abripiuntur
859 2255 929 2301 usquc
944 2241 973 2287 ad

120 2341 161 2372 eas
178 2328 301 2386 angustias,
316 2327 339 2370 in
356 2326 436 2385 quibus
452 2325 508 2371 nihil
522 2326 631 2385 reliquum
648 2331 690 2384 θεῖ,
709 2339 775 2384 quam
792 2324 933 2368 contumacia
951 2328 974 2367 ct

122 2408 256 2451 occoecatio
275 2407 383 2450 adversus
404 2419 482 2450 verum
503 2410 525 2451 ct
543 2407 639 2452 iustum!
662 2433 693 2441 -
715 2405 752 2451 Sic
770 2416 799 2448 ex
814 2402 973 2462 Robespierrio

122 2484 302 2542 Robcspicrrius,
318 2484 341 2528 id
358 2489 393 2528 cst
406 2484 517 2529 humanae
533 2491 626 2530 naturae
642 2489 775 2543 portentum,
794 2484 865 2529 factus
881 2490 923 2543 cst,
940 2486 973 2531 sic

121 2579 151 2611 ex
166 2565 275 2610 Perronio
292 2565 419 2610 Perconius.

181 2644 227 2690 lam
243 2646 267 2690 in
281 2658 309 2690 co
326 2658 409 2702 sumus,
426 2650 450 2689 ut
465 2644 570 2704 exemplis
587 2644 699 2690 nonnullis
716 2647 866 2701 ostendamus
884 2660 970 2706 quous-

122 2739 166 2785 que
182 2726 301 2772 Pcrronius
318 2726 396 2772 infelix
412 2725 532 2783 ccclesiae,
548 2726 626 2772 infelix
641 2725 734 2772 aliorum
750 2728 823 2772 lamae
841 2730 884 2772 iam
900 2729 972 2772 deuc-

119 2808 187 2853 nerit.
219 2810 241 2856 Si
253 2823 311 2855 nunc
326 2810 414 2869 quidem
426 2809 505 2866 doqrnu
521 2804 609 2868 aliquod
626 2823 672 2854 non
688 2809 796 2868 eligimus
814 2815 839 2854 ut
853 2809 912 2868 quod
929 2823 973 2854 uo-

120 2888 155 2934 bis
170 2892 308 2949 propositum
329 2895 363 2935 est
378 2889 499 2949 probemus
516 2886 555 2933 sed
572 2888 682 2934 eiusmodi
700 2888 827 2946 doctrinas,
852 2889 880 2933 de
894 2889 972 2947 quihus

122 2969 219 3028 ecclesia
235 2969 308 3014 adhuc
323 2968 377 3015 nihil
394 2967 501 3023 decreuit,
518 2967 540 3011 id
557 2974 618 3014 certe
634 2982 680 3014 non
691 2969 791 3014 Perronii
803 2983 871 3015 causa
887 2970 916 3027 fit,
933 2968 973 3014 sed

121 3051 164 3096 alia
181 3050 307 3110 etquidem
326 3049 386 3095 bona
407 3063 435 3094 ex
451 3060 520 3094 causa
536 3048 569 3107 ht,
594 3063 658 3110 quam
675 3051 702 3109 is,
718 3051 754 3097 cui
770 3051 882 3098 ccclesiae
899 3050 973 3097 honor

123 3129 186 3175 e'ordi
204 3135 245 3188 cst⁷
262 3130 329 3176 facile
345 3127 497 3189 uirgurnbitur.
