1979 3399
374 165 557 219 ..97...

40 321 96 355 vero
113 309 156 355 alia
175 309 263 355 ratione
279 310 409 354 instructam
426 311 449 352 et
464 299 517 351 csse
533 309 555 350 et
566 303 640 350 videri
657 314 732 360 urnam,
748 313 786 348 res
801 303 850 362 ipsa
867 302 904 348 lo-

41 391 121 450 quitur.
154 389 198 436 Sed
216 391 235 435 si
250 390 295 434 hoc
313 393 445 444 teneamus,
460 386 505 430 iam
522 384 602 444 fugere
620 385 734 431 neminem
750 387 834 443 petest,
851 383 905 428 uui-

41 475 109 517 tatem
126 469 242 516 doctrinae
258 468 349 515 nonnisi
373 481 403 512 ex
423 468 525 511 iunctura
549 467 643 524 partium
665 465 759 525 prodite
785 465 809 509 in
830 476 904 522 caque

41 551 137 611 agnosci
153 562 228 609 posse.
262 548 348 603 Quodsi
366 547 484 591 doctrinae
501 545 567 590 alicui
583 551 658 591 notam
669 547 760 592 rastitatis
774 544 904 605 imprimere

42 631 108 689 velis,
126 642 205 675 omnes
222 629 270 674 eius
289 633 365 686 partes
383 627 447 686 quasi
463 626 554 670 vinculo
572 627 689 671 continere
707 626 786 683 debes,
801 627 904 685 particu-

43 710 87 756 lam
104 708 227 768 particulae
242 708 368 767 adiungere
385 708 452 752 etita
468 705 584 764 adaptare,
599 710 623 750 ut
640 719 719 751 ornnes
735 709 794 751 inter
808 720 833 753 sc
843 720 904 752 cou-

42 791 132 837 iunetae
149 788 268 834 scientiam
284 788 412 832 exhibeant.
441 786 487 852 *Hic
503 786 591 841 medus,
609 798 653 843 que
667 787 742 830 unitas
752 787 831 831 artium
845 800 904 831 cen-

42 872 133 928 tinetur,
151 869 255 914 omnihus
266 869 350 913 artibus
362 870 410 913 sive
422 867 547 926 disciplinis
564 865 689 913 coumnmis
706 870 749 923 est,
766 867 798 911 ita
814 867 904 927 qnidam

43 957 67 998 ul
83 950 137 997 nihil
153 951 262 1007 attineat,
283 963 350 1009 quam
366 948 410 993 late
429 953 521 1007 pateant
538 953 560 993 et
577 948 657 1007 quihus
672 948 774 1006 partibus
790 953 904 1005 constent,

43 1033 93 1079 sive
109 1047 139 1078 ex
149 1031 178 1076 iis
194 1044 251 1091 quae
268 1031 345 1075 iuvant
360 1029 469 1074 teutatem
486 1030 536 1076 sive
553 1043 582 1074 eu
598 1029 626 1074 iis
644 1028 681 1087 qui
697 1028 827 1086 impediunt.
860 1027 906 1074 Sed

44 1112 157 1171 quonaone
172 1124 212 1170 pre
224 1110 354 1155 diversitate
368 1109 466 1168 ipsarum
478 1108 645 1169 disciplinarum
655 1108 714 1153 haee
727 1111 793 1168 ratio,
803 1110 840 1154 hic
854 1122 906 1154 ure-

45 1192 86 1236 dus
100 1196 162 1236 certe
174 1190 268 1250 intelligi
279 1190 427 1249 adhiberique
439 1190 528 1248 debeat,
546 1189 569 1234 id
581 1189 724 1235 menifestum
737 1189 786 1245 erit,
802 1190 822 1234 si
834 1189 905 1248 ipsum

45 1270 74 1315 ad
98 1263 209 1315 diversas
222 1270 354 1328 disciplinas
377 1269 570 1329 applicaverimus.
612 1270 636 1316 st
654 1274 777 1314 statuamus
795 1269 906 1313 eiusmodi

45 1350 177 1407 doctrinam,
194 1363 252 1409 quae
263 1355 309 1394 tam
326 1350 410 1409 exigue
428 1350 512 1395 arnbitu
523 1350 559 1407 sit,
576 1354 599 1395 ut
610 1363 654 1394 una
669 1350 825 1408 propositione
842 1350 906 1394 eius—

45 1442 88 1490 que
102 1429 267 1489 adprobatione
284 1429 421 1487 absolvatur,
437 1430 491 1474 nihil
508 1430 601 1488 amplius
618 1429 647 1474 ad
663 1432 769 1473 unitatem
785 1431 834 1474 eius
848 1442 905 1487 pre-

44 1511 172 1571 ponendam
190 1510 318 1570 aequalior,
335 1523 400 1569 quam
416 1515 440 1555 ιιι
457 1516 589 1570 argumenta
602 1500 673 1567 varta,
689 1522 747 1569 (prae
759 1510 787 1554 ad
803 1509 905 1569 proban.

46 1592 96 1636 dam
113 1603 162 1635 earn
179 1588 314 1647 afferuntur,
337 1591 368 1635 ita
390 1590 450 1634 inter
474 1603 500 1635 se
522 1590 652 1649 iungamus,
669 1596 761 1635 utente
779 1591 905 1649 expositum

46 1676 87 1716 cst.
114 1670 199 1735 ¹Sedsi
212 1669 351 1728 disciplinam
362 1673 447 1715 meiere
460 1671 543 1715 ambitu
558 1670 683 1729 praeditam
700 1675 831 1728 statuminis,
848 1683 905 1729 equae

44 1764 90 1795 nen
107 1749 178 1794 selum
194 1748 273 1793 multas
285 1751 405 1809 variasque
417 1751 586 1809 propositiones
604 1751 774 1810 complectatur,
787 1751 906 1798 sedetiam

46 1833 68 1876 in
86 1830 250 1890 disputationes
271 1830 392 1890 ampliores
413 1835 519 1897 excurrat
540 1836 563 1877 et
579 1832 602 1877 in
622 1832 697 1891 plures
714 1838 790 1893 partes
809 1833 906 1877 discreta

46 1915 89 1970 sit,
105 1915 149 1956 iam
166 1924 222 1970 opus
239 1916 289 1968 est,
305 1916 330 1956 ut
348 1924 394 1956 nen
417 1911 489 1956 solum
505 1912 652 1970 probationes
669 1914 806 1973 singularum
821 1927 908 1972 prepo-

48 1994 160 2050 sitionum,
177 2006 234 2053 equae
256 1993 325 2039 mode
348 1996 400 2037 ante
418 1991 532 2051 descripto
550 1995 699 2040 concinnatae
716 2000 739 2039 et
755 2009 832 2040 secum
849 2009 908 2040 cen-

49 2074 137 2119 iunetae
153 2079 176 2118 et
193 2075 307 2119 exhibitae
324 2075 380 2129 sint,
399 2073 528 2132 alterantur,
546 2076 587 2120 sed
603 2079 666 2133 ipsae
681 2076 747 2119 etiam
765 2077 906 2133 prepositio-

48 2166 89 2200 nes
106 2154 199 2214 singulis
218 2154 328 2213 capitibus
348 2158 523 2198 contrectantur:
546 2159 569 2198 ct
590 2155 648 2199 haee
663 2160 779 2213 postremo
796 2156 819 2198 ιιι
836 2155 907 2199 disci-

49 2234 131 2291 plinam
146 2237 322 2276 censummatam
334 2231 393 2276 illata
406 2233 575 2288 constituantur,
591 2236 613 2275 ct
630 2233 660 2277 ita
677 2233 775 2292 quidem,
793 2240 819 2279 nt·
833 2235 908 2294 qued*

49 2325 92 2370 que
115 2316 180 2369 caput
203 2317 225 2355 et
246 2316 315 2356 totum
339 2316 437 2370 systema
460 2316 483 2355 ct
504 2325 607 2371 quaeque
626 2312 759 2372 disciplinae
782 2317 907 2374 propositio

50 2392 208 2451 simpliciorem
232 2392 268 2436 vel
296 2393 367 2451 nragis
388 2392 518 2451 generalem
536 2394 653 2439 scientiam
670 2396 785 2453 praebeat.
824 2398 908 2444 Situm

49 2486 105 2518 vere
121 2473 249 2518 contrariae
266 2473 405 2518 assertiones
422 2473 554 2518 tractandae
572 2479 630 2533 suut,
649 2488 744 2535 querum
762 2475 806 2521 hae
823 2480 908 2536 probu-

51 2555 134 2600 tionem
154 2556 203 2600 cius
228 2555 289 2614 qued
310 2554 405 2600 docetur
421 2555 552 2613 admittunt,
575 2557 626 2601 illac
641 2557 764 2614 reiiciunt,
781 2559 848 2603 etiam
865 2560 908 2606 hae

52 2636 80 2680 ad
96 2634 202 2680 utilitatem
223 2636 349 2694 aa'gtuneuti
371 2635 518 2680 revocandae
535 2641 592 2681 sunt.
626 2636 691 2689 ouon
710 2637 800 2697 quidem
816 2640 846 2684 ita
862 2641 907 2696 het,

51 2719 75 2759 ιιι
95 2720 226 2775 ιιιςιιιιιιιιιι
248 2715 363 2760 centraria
385 2729 436 2760 cunr
457 2716 603 2774 probantibus
626 2718 764 2775 argumentis
784 2723 908 2777 composita

53 2806 80 2838 eo
96 2796 145 2854 ipso
163 2795 282 2850 diluantur,
300 2799 338 2839 aut
355 2807 391 2852 ca,
410 2808 467 2854 (prae
490 2795 598 2840 dintinuta
614 2801 677 2854 seint,
691 2798 756 2843 novis
773 2799 854 2844 additis
871 2808 909 2847 aut

53 2874 96 2920 alie
114 2876 210 2935 quredum
228 2875 296 2919 mode
314 2881 421 2921 acuantur
437 2881 459 2920 ct
474 2860 622 2935 perficiantur

86 2987 89 2991 ,
112 2956 174 3001 llaec
196 2956 309 3001 sufficiant
330 2956 409 3014 quibus
433 2957 579 3011 ostendatur,
596 2957 707 3015 quomode
733 2958 814 3015 cuique
835 2959 908 3007 disci-

53 3032 126 3089 plinae
141 3037 273 3081 concilietur
287 3035 361 3081 unitas
386 3042 409 3081 et
433 3036 619 3096 quemadmodum
635 3035 692 3081 hace
712 3040 784 3082 undas
802 3053 852 3086 eum
870 3044 907 3089 di-

54 3121 131 3160 scente
149 3117 331 3162 cemnumieetur.
362 3116 475 3175 Deinceps
492 3116 610 3162 dicemlum
628 3120 662 3160 est
680 3117 708 3160 de
723 3118 824 3177 utilitate,
840 3137 906 3182 quam

53 3194 125 3239 unitas
142 3196 271 3255 disciplinae
289 3194 404 3253 praebeat.
437 3196 482 3243 Sed
500 3202 616 3255 antequam
633 3194 662 3240 ad
678 3194 737 3241 banc
754 3202 851 3261 veniam,
869 3205 904 3249 te-

55 3275 139 3319 ctorem
156 3284 258 3336 rogabam
271 3277 332 3334 vole,
352 3282 376 3321 ut
388 3278 556 3333 animadvertat,
569 3278 592 3322 ιιι
605 3277 743 3336 disciplinam
755 3283 783 3326 ab
796 3283 838 3329 hac
849 3287 902 3330 arni-
