1979 3399
433 57 617 107 -23-

97 199 159 246 unde
176 213 241 247 orsus
259 203 311 258 cst,
328 196 470 253 terminatur,
487 195 524 254 qni
542 196 572 240 ita
589 195 612 240 in
630 194 668 240 illo
685 195 844 256 circumagitur
861 194 963 254 labyrin-

98 278 147 338 tho,
163 284 187 327 ut
206 280 289 324 exitum
306 290 351 321 non
368 274 486 319 inveniat?
510 273 620 333 Equidem
640 273 741 319 devera
758 276 852 335 sceptici
867 276 962 321 notione

100 361 155 406 satis
172 362 231 405 inter
254 370 331 404 orirnes
349 359 460 402 constare
473 356 576 402 arbitror.
603 347 726 401 'Ostendat
741 355 809 415 igitur
825 358 890 403 nobis
907 358 964 402 Per·

100 440 186 494 ronias,
201 437 341 483 Hermesium
357 436 427 501 fuisse
446 450 510 494 eum,
531 437 568 495 qui
585 434 736 480 dubitationes
753 436 866 494 moverit,
890 441 963 482 uiolas

100 533 147 564 non
165 517 312 576 expediverit,
328 531 374 563 non
394 519 495 575 solverit,
510 531 560 582 non
577 516 665 563 diluerit
674 530 681 573 3
698 516 769 562 fuisse
788 529 855 573 euin,
873 519 910 576 qni
927 513 964 562 in-

101 611 196 658 gressus
218 600 241 643 in
265 598 418 658 labyrinthum
436 598 597 652 dubitatiommr
620 611 667 644 non
688 597 792 643 habuerit
811 598 894 657 exitum
911 598 965 643 leli-

101 692 159 736 cem,
175 692 221 723 nen
238 678 268 724 ad
285 684 369 724 certam
385 680 569 738 persuasionem,
586 691 633 724 non
652 679 681 724 ad
695 679 781 725 firmam
798 684 864 739 atque
882 680 964 723 incan-

102 773 192 806 eussam
208 759 275 805 iidem
291 762 434 819 pervenerit
460 762 511 807 Nan
527 764 601 819 potest
614 759 659 804 ullo
676 764 743 818 paeto
761 759 896 816 ostendere3
913 773 965 803 nam

102 841 170 901 plane
186 841 322 886 corrtrarirun
340 853 418 886 orrines
435 841 485 886 libri
502 840 529 886 ab
548 840 666 885 Hermesio
682 840 813 899 conscripti,
829 852 908 885 onines
920 839 966 885 ho-

104 936 155 968 rum
173 923 281 967 librorum
297 917 516 985 partesloqunntnr,
530 926 554 965 ut
568 933 761 978 supervacaneum
778 920 807 965 sit
822 918 910 986 singula
928 920 965 964 ol'-

105 1003 152 1048 fata
167 1014 359 1059 eornmemorare,
383 1002 451 1047 veluti
467 1000 536 1058 illud,
558 1000 679 1060 quodiam
695 1013 762 1058 supra
780 1013 809 1045 ex
823 987 965 1058 praelatione

105 1070 262 1144 philosophica
279 1083 404 1139 attulimus,
425 1082 462 1126 nbi
479 1082 609 1127 Hermesius
632 1082 678 1127 hoc
701 1085 806 1139 tanquam
822 1081 967 1142 summarium

107 1161 287 1222 disquisitionem
304 1177 393 1209 suarum
409 1163 527 1221 proponit:
552 1162 619 1220 „racilii
639 1166 725 1207 certam
738 1161 824 1219 factam
843 1165 892 1215 est,
916 1173 967 1204 essa

106 1242 191 1296 Denm;
207 1243 260 1288 ratila
277 1248 361 1288 ceratam
376 1244 463 1302 factam
477 1246 518 1298 est,
535 1256 570 1287 ma
586 1255 676 1300 satrapea
692 1242 795 1299 facturam
809 1242 909 1286 atellam
925 1253 967 1285 aa·

106 1325 195 1364 terrram
210 1334 275 1373 essa5
290 1321 345 1365 atila
353 1328 438 1367 certam
446 1323 531 1381 [aetram
548 1325 588 1378 est,
606 1321 755 1367 christianam
771 1321 900 1381 calipionem
917 1334 967 1365 essa

106 1399 215 1443 divinitas
231 1400 355 1444 revelatam
371 1406 393 1445 et
407 1401 583 1446 catholicismmn
594 1414 644 1446 esse
660 1413 740 1446 aarum
753 1402 968 1447 Christianistriam.“

106 1480 213 1525 Nimirum
231 1480 257 1536 is,
274 1481 309 1525 cni
327 1484 412 1526 certum
430 1481 623 1527 ornninolactum
640 1486 675 1526 est
691 1482 719 1527 de
735 1482 770 1526 his
787 1482 855 1527 rebus
871 1482 970 1528 ornninm

108 1560 256 1620 gravissimis,
274 1562 356 1619 quique
371 1561 401 1606 ad
413 1561 472 1606 hanc
483 1561 640 1607 certitudinem
649 1562 772 1620 parandam
784 1561 971 1607 stabiliendamve

108 1653 253 1698 quascunque
269 1639 385 1685 dubitandi
393 1641 493 1686 rationes
503 1654 550 1690 non
559 1642 717 1700 praetermisit,
733 1654 780 1686 non
790 1643 909 1700 oppressit,
928 1640 970 1686 sed

109 1720 216 1779 predavit
233 1721 256 1764 in
271 1720 385 1777 medinm,
408 1722 477 1766 rectis
500 1721 571 1766 oculis
592 1721 683 1765 intuitus
701 1726 735 1765 est
751 1725 774 1765 et
789 1726 971 1781 argumentorum

110 1800 213 1860 pondere
228 1800 304 1859 fregit,
320 1801 347 1857 is,
363 1813 468 1860 unquam,
486 1801 506 1846 si
523 1800 630 1846 Petronio
648 1800 768 1858 credimus,
786 1800 920 1846 iudicandus
931 1804 972 1846 est

111 1894 190 1940 purum
204 1885 280 1939 putum
294 1881 460 1939 scepticismum
472 1881 543 1940 sequi,
560 1894 603 1925 nec
620 1880 734 1926 dubitasse
750 1880 857 1925 methodo
876 1881 972 1926 scienti-

112 1960 170 2008 fical
203 1961 248 2005 Sed
265 1944 390 2018 videmnus,
408 1961 521 2019 qnornoda
537 1962 659 2006 Perronius
674 1974 723 2005 rem
742 1973 804 2004 suam
822 1964 882 2018 agat.

174 2040 270 2084 Primum
287 2039 316 2084 de
335 2034 453 2085 fallacibus
466 2040 577 2086 Hermesii
597 2039 715 2096 doctrinis,
731 2051 789 2099 quac
805 2038 879 2083 facum
893 2039 973 2084 lacere

111 2121 225 2180 potuerint
240 2125 284 2164 tam
300 2120 373 2165 nmltis
386 2120 510 2177 Germanis,
525 2120 592 2166 botris
609 2120 698 2180 quidem
714 2118 756 2164 illis
773 2122 795 2163 et
810 2118 902 2164 nirrrium
919 2132 973 2164 cre-

113 2199 171 2244 dulis
187 2199 315 2244 hominibus
340 2203 389 2259 (far
406 2202 458 2246 velo
481 2203 520 2248 all’
545 2200 754 2248 intendimentodi
775 2205 841 2262 tanta
865 2205 932 2260 parte
949 2202 973 2246 di

114 2281 185 2326 buoni
208 2294 220 2322 e
242 2286 323 2338 troppo
340 2281 429 2325 creduli
447 2282 596 2339 Alemanni),
615 2280 687 2337 deque
703 2278 810 2322 methodo
827 2278 973 2323 llermesiana

115 2358 213 2415 pessima
240 2370 342 2417 quaeque
363 2362 454 2402 enarrat
470 2358 532 2402 initio
549 2361 657 2401 tractatus
674 2357 715 2401 sui.
756 2356 823 2401 llulta
840 2369 869 2402 ex
884 2357 919 2402 his
937 2363 974 2403 ant

116 2435 182 2495 plane
193 2435 249 2481 falsa
266 2441 303 2481 aut
317 2436 463 2481 vehementer
480 2436 579 2481 distorta.
601 2435 717 2480 Eiusmodi
733 2435 787 2481 illud
805 2441 846 2493 est,
861 2437 922 2497 quod
938 2438 974 2483 le-

117 2518 177 2578 gitur
192 2530 244 2576 pag.
263 2516 316 2561 323.
332 2521 377 2561 not.
395 2518 433 2562 2:
451 2520 549 2576 „Nisuno
566 2518 600 2562 de'
616 2519 703 2564 fautori
724 2520 747 2565 di
766 2520 848 2565 hlrmes
864 2521 974 2580 potrebbe

116 2600 236 2646 adontarsi
252 2599 275 2643 di
293 2603 374 2658 questa
388 2600 452 2644 frase
470 2595 592 2651 (laberinto
609 2596 683 2654 scil),
704 2599 745 2644 elie
761 2614 840 2659 spesso
856 2602 886 2646 mi
903 2605 974 2647 verra

117 2681 166 2727 alla
183 2693 276 2739 penna„
306 2679 422 2724 tartaron
444 2678 532 2736 cirria,
560 2693 598 2724 ma
616 2679 640 2725 di
657 2679 737 2725 Ermes
754 2664 883 2738 stesso,'il
900 2683 975 2739 quale,

116 2775 180 2806 come
195 2760 315 2817 vedremo,
337 2759 418 2817 ripone
441 2758 466 2803 la
483 2757 558 2803 verita
575 2772 587 2801 e
604 2758 627 2803 le
644 2758 736 2805 selenae
753 2760 776 2805 in
798 2774 829 2804 un
846 2757 975 2818 laberinto,

117 2843 156 2887 nel
172 2841 213 2886 che
227 2843 290 2886 forse
307 2839 337 2885 ba
355 2841 433 2884 voluto
447 2839 537 2884 imitare
554 2839 606 2899 quel
623 2853 692 2898 greco
708 2837 774 2898 soso,
791 2839 832 2884 che
849 2840 873 2885 la
884 2854 976 2898 pareva

118 2921 141 2966 in
156 2937 187 2966 un
203 2921 301 2980 pozza.“
335 2916 414 2970 Quid?
451 2915 580 2960 Hermesius
597 2917 712 2961 veritatem
730 2921 752 2961 et
768 2916 884 2961 seientiam
900 2919 977 2975 posuit

119 2996 142 3040 in
158 2982 303 3055 labyrintho?
327 2998 381 3051 Quis
399 3009 495 3055 ninpram
512 2995 580 3039 lando
598 2997 682 3041 audivit
698 2998 743 3042 tale
761 2996 898 3055 quidtpram?
924 2998 977 3043 Stu-

119 3075 246 3135 pidissimus
263 3080 367 3135 emnium,
383 3080 450 3123 imino
468 3075 534 3120 etiam
550 3089 627 3122 amens
644 3090 672 3122 ac
687 3078 753 3135 plane
770 3089 868 3123 vesanus
880 3078 977 3123 Herme-

122 3155 169 3202 sius
185 3155 270 3215 luisset,
286 3161 306 3205 si
324 3160 441 3206 veritatem
457 3161 524 3216 atque
541 3155 658 3203 scientiam
673 3157 696 3203 in
712 3154 839 3215 labyrintho
856 3155 977 3216 puniisset.
