1979 3399
409 80 596 129 ..88-

68 222 145 263 'mcnte
162 205 358 283 lllirrdisohrnarrrri
381 228 514 274 responsum
539 216 592 261 illud
614 216 739 263 Rauranum
763 220 870 279 scriptum
892 223 935 274 est,

71 298 116 344 hac
132 305 207 344 mente
226 297 354 344 methodum
363 296 532 342 Hernresianam
550 297 582 344 ibi
601 290 740 342 diiudicarit
778 301 844 345 Adeo
864 304 936 344 teter-

72 381 128 425 rima
146 380 203 424 haec
219 383 309 437 spectra
327 378 424 423 animum
441 380 488 423 cius
507 382 681 435 occupaverant,
698 383 722 423 ut
739 379 761 423 in
779 393 807 424 eo
823 390 935 438 responso

73 462 134 506 serio
152 463 274 516 asseveret,
292 459 470 518 quodperqnam
481 459 599 504 ridiculum
612 464 660 517 est,
678 458 808 519 theologiae
828 460 936 505 studiosis

73 541 232 586 necessitatem
251 539 378 599 impositam
394 554 460 597 esse,
482 546 508 584 nt
522 540 647 585 rnetlrodnm
663 539 839 590 llerrucsiunmn
851 541 937 585 ecrbo-

72 627 137 666 tenas
152 620 294 665 ediscerent!
326 622 388 668 Haec
406 623 498 681 opinio,
513 633 564 667 rara
582 636 609 666 ea
627 621 769 679 constantia,
786 634 852 680 quam
868 620 937 665 Winss

73 700 233 746 dischmannus
258 701 281 747 in
304 701 347 747 hac
370 716 396 747 re
419 700 534 758 ostendit,
559 700 583 744 in
606 715 709 747 sermone
728 701 839 760 ferrrailiom'
859 706 882 746 et
894 715 938 759 per

49 808 51 811 >
77 773 203 837 epistolas,
226 796 256 825 ecc
277 781 386 826 cathedra
404 787 425 825 et
443 784 466 825 in
482 783 570 844 dieamus
588 796 678 841 semper
695 784 723 828 ab
741 797 769 828 eo
786 784 880 842 repetita
897 787 938 838 cst,

77 862 152 907 donec
167 862 256 921 plurimi
271 863 374 908 bornines
389 864 417 909 de
432 864 536 909 horribili
544 864 652 909 methodo
661 863 770 910 Hermesii
784 863 942 923 loquerentur,

75 945 177 1002 quamvis
195 946 232 1002 qui
248 944 306 989 haee
322 946 438 1000 iactarcnt,
456 958 529 1002 paene
547 957 625 989 omnes
642 944 670 988 de
688 945 737 988 eius
747 948 827 988 natura
840 948 862 987 et
874 944 937 987 exsi-

75 1024 208 1068 stentiauon
218 1024 266 1082 plus
278 1025 448 1083 cognovissent,
465 1039 530 1083 quam
544 1026 572 1070 de
587 1023 717 1070 exsistentia
729 1028 751 1069 et
766 1024 842 1082 specie
861 1023 938 1068 ludaei

76 1104 143 1161 illius,
159 1118 224 1163 quem
241 1110 357 1162 aeternum
376 1108 540 1166 circumvagari
553 1106 628 1151 fabula
642 1110 727 1150 narrat.

142 1185 218 1237 Qualis
241 1191 314 1229 autem
331 1189 359 1231 sit
373 1186 492 1231 methodus
512 1187 675 1244 Hermesiana,
699 1187 721 1232 id
746 1189 796 1232 sine
820 1186 887 1230 dubio
911 1198 940 1230 ex

77 1264 140 1309 libris
163 1266 211 1309 eius
234 1268 316 1323 optime
342 1268 399 1312 disci
417 1273 498 1326 potest.
530 1269 650 1313 Praeterea
666 1269 689 1312 in
704 1266 767 1312 Actis
783 1265 941 1311 Hermesimu'sv

77 1343 205 1389 ElvenIchii
222 1351 266 1391 tarn
283 1347 380 1392 dilucide
396 1350 511 1407 proposita
533 1353 581 1405 cst,
606 1353 631 1393 ut
654 1349 691 1408 qui
711 1352 779 1397 ¹vacat
796 1346 940 1405 praeiudiciis

77 1426 148 1484 primo
169 1427 276 1485 adspectu
292 1427 408 1485 intelligat,
427 1433 527 1473 naturam
543 1430 590 1473 eius
607 1435 653 1473 non
669 1427 780 1473 diversam
798 1438 849 1470 esse
866 1439 878 1469 a
894 1425 940 1470 So-

78 1507 171 1563 cratica,
189 1506 281 1550 heah
297 1519 324 1551 ea
336 1507 450 1563 methodo,
467 1520 509 1565 qua
521 1507 584 1552 ideas
601 1512 624 1552 ut
635 1508 676 1565 ipsi
693 1508 832 1551 inveniamus
851 1506 940 1550 cxcita-

77 1598 133 1630 mur.
167 1586 195 1631 Ut
209 1586 325 1643 Socrates,
340 1589 374 1632 sic
391 1588 520 1633 llcrmesius
536 1588 618 1645 ubique
635 1588 663 1632 ab
678 1585 840 1645 interrogando
858 1585 941 1629 inobo-

79 1679 118 1710 are
135 1665 199 1710 solet.
232 1666 374 1725 Interrogat:
393 1667 462 1711 Estne
479 1667 565 1712 homini
577 1666 687 1712 certitudo
704 1671 726 1710 et
741 1666 859 1724 persuasio
878 1666 940 1709 veri-

81 1746 157 1790 tatis?
189 1745 258 1790 Estne
275 1747 358 1792 Deus?
391 1748 467 1801 eralis
485 1748 522 1791 ille
537 1748 592 1792 est?
623 1747 692 1791 Estne
709 1746 883 1804 supernaturalis
901 1760 942 1789 re-

80 1824 163 1869 velatio
180 1825 223 1869 Dei
239 1826 268 1870 ad
282 1827 405 1873 homines?
436 1828 473 1872 Ad
487 1828 528 1872 has
543 1840 622 1873 ornnes
638 1828 782 1887 quaestiones
798 1828 843 1884 iis,
860 1828 897 1886 qui
912 1827 942 1871 il-

79 1908 126 1952 hnn
145 1905 194 1953 si've
210 1909 331 1954 audiebant
348 1910 396 1955 sire
410 1910 495 1970 legunt,
509 1912 682 1970 responsionem
697 1922 743 1954 non
760 1909 866 1954 dictando
887 1921 943 1966 sup-

80 1989 174 2047 peditat,
191 1990 240 2048 sed,
259 1991 445 2049 quemadmodum
462 1992 566 2038 Socrates
585 1991 637 2036 olim
653 1991 723 2045 fecit,
747 1995 771 2035 ut
787 1989 830 2049 ipsi
844 2001 942 2047 respon-

83 2071 170 2116 sionem
183 2071 307 2129 inveniant,
326 2072 402 2130 efficit,
420 2077 442 2117 et
458 2072 548 2117 nonnisi
565 2071 610 2116 dur
628 2071 703 2116 invia
719 2070 808 2129 praeit,
825 2082 882 2127 quae
899 2068 943 2113 illis

82 2150 232 2210 ingredienda
249 2152 290 2209 sit,
319 2157 343 2197 nt
359 2152 530 2211 responsionem
548 2151 576 2197 ad
594 2165 672 2197 omnes
689 2164 728 2196 eas
745 2151 890 2210 quaestiones
906 2151 943 2194 in-

82 2235 190 2289 veniant,
208 2234 305 2290 quaein
326 2233 453 2291 dogmatica
464 2234 592 2277 ¹solvuntur¹
632 2232 680 2276 Hac
697 2236 744 2276 arte
763 2244 817 2275 usus
835 2235 868 2274 est
884 2229 944 2274 Her-

82 2313 185 2368 mosius,
210 2318 235 2355 ut
250 2313 372 2369 discipulos
397 2315 426 2357 ad
442 2316 594 2358 meditandum
610 2317 633 2356 et
650 2312 795 2369 cogitandum
814 2309 945 2367 impelleret,

84 2395 109 2435 ut
126 2391 238 2436 eiusmodi
254 2404 294 2435 eos
312 2393 480 2451 cognitionibus
498 2393 623 2447 imbueret,
647 2403 704 2449 quae
721 2404 734 2433 e
752 2390 814 2435 sanis
830 2390 944 2436 radicibus

27 2496 31 2500 Α
79 2476 107 2517 et
123 2485 136 2516 e
153 2472 244 2530 proprio
260 2472 309 2515 solo
325 2471 428 2529 profecta
446 2475 538 2527 essent,
563 2475 587 2514 ut
609 2470 637 2515 ab
653 2469 712 2514 omni
729 2469 805 2514 servili
820 2469 944 2515 imitatione

86 2538 127 2598 eos
143 2547 256 2597 averteret

147 2632 278 2677 Hermesius
294 2632 342 2688 ipse
359 2628 504 2687 methodum,
530 2629 590 2674 iuxta
607 2643 671 2689 qimm
689 2628 837 2687 dogmaticam
853 2630 946 2688 proles-

86 2726 124 2759 sus
143 2717 185 2770 est,
204 2710 312 2770 peculiari
331 2710 488 2755 dissertatione
504 2722 631 2768 proponere
648 2723 771 2770 aggressus
791 2716 831 2756 est.
860 2712 946 2764 Quam-

86 2794 120 2838 ris
138 2806 188 2838 eam
205 2791 357 2851 imperfectam
375 2790 498 2852 reliquerit,
516 2793 590 2835 tamen
608 2792 709 2850 publicae
720 2792 813 2836 notitiae
825 2804 869 2834 non
889 2792 946 2835 sub-

87 2873 219 2918 trahendam
243 2885 295 2917 esse
312 2871 496 2917 existimavimus.
536 2871 582 2924 Qua
599 2872 663 2916 reid
680 2877 740 2917 certe
759 2872 898 2929 efficiemus,
922 2877 947 2916 ut

90 2953 168 3009 stipem
185 2965 231 3010 non
251 2951 438 2997 contemnendam
457 2951 616 3008 corderamus,
639 2953 699 2997 unde
724 2952 842 2997 methodus
860 2953 908 2996 eius
925 2955 964 2995 et

90 3035 173 3095 rectius
190 3034 319 3079 aestimetur
334 3039 358 3078 et
377 3032 442 3078 sinuit
460 3029 612 3090 intelligatur,
637 3039 720 3092 quanto
737 3033 829 3088 labore,
845 3033 948 3092 qualibus

90 3112 175 3157 artibus
193 3126 247 3171 opus
263 3114 337 3173 fuerit,
354 3119 377 3160 ut
394 3112 505 3159 Hermesii
521 3111 640 3158 methodus
657 3113 814 3160 diffamaretur.
