1979 3399
403 86 601 136 -noo-

72 227 207 287 positionem
225 226 326 286 quaerit,
344 223 372 269 ad
395 225 575 272 dissertationem
593 223 754 270 Rosoubunmil
771 237 837 285 supra
853 225 933 272 lauda-

74 309 274 364 tamremittinnrs.
307 306 346 351 Est
364 308 430 353 etium
456 312 502 353 totu
519 308 621 366 quaestio
638 308 753 366 copiosius
771 308 793 351 iu
818 307 931 352 uolumine

78 389 178 434 seeundo
195 393 338 446 pertractatu.
811 399 813 401 ’

137 488 201 534 Nunc
225 489 333 547 expositis
357 489 469 547 iis-quoe
491 502 556 535 socru
580 491 688 547 scripturn
713 488 741 532 de
762 483 839 533 nostru
860 500 934 545 quan-

80 569 152 613 stione
170 569 269 626 docent,
286 570 428 629 relulutoquc
446 571 532 630 capituli
550 570 731 614 adversariorum
749 574 888 629 argumento,
905 568 934 613 ad

75 649 236 695 consulendam
261 650 404 696 traditionem
427 664 553 711 pergamus
586 651 625 695 Est
648 656 721 696 autem
742 653 763 696 in
782 652 857 695 unium
869 651 933 698 'ulre-,

74 731 121 776 rius
138 743 267 789 proponere
290 745 356 789 quum
376 732 450 777 adhuc
466 745 563 790 unquam
580 732 662 775 luctum
680 736 722 788 est,
740 732 792 791 quid
809 745 873 776 sumn
891 744 934 775 nn-

77 810 166 869 liquitus
191 809 220 855 de
243 810 286 855 lruc
304 817 380 856 nostru
409 812 540 871 quaestione
564 810 685 856 crediderit
706 819 772 871 etque
798 814 935 870 exposuerit,

76 905 120 951 quo
143 892 203 936 lucto
226 892 278 936 illud
301 897 363 937 certe
381 906 473 951 sperare
489 893 553 950 lieet,
574 894 622 939 lore
642 899 667 939 ut
681 895 794 939 rrrtmdmls
812 906 935 938 corrsensus

72 978 166 1031 pntrmn
189 973 267 1018 sultem
287 973 376 1032 publice
396 976 535 1020 aestimetur.
574 975 595 1020 A
621 977 757 1035 temporibus
781 974 936 1035 apostolurum

75 1055 128 1100 inde
154 1069 225 1115 usque
244 1056 273 1101 nd
289 1056 342 1101 illud
360 1062 462 1115 tempus,
487 1070 531 1116 quo
557 1057 675 1103 concilium
698 1057 849 1102 Trblentiunm
874 1056 937 1101 cele-

76 1140 164 1184 bratum
180 1144 223 1196 est,
240 1139 369 1183 testimonia
386 1138 454 1198 longe
468 1140 605 1198 pronissimi
621 1146 721 1186 nostram
736 1139 868 1184 sententium
885 1138 937 1195 upi-

76 1219 207 1277 nr'onemque
231 1224 327 1264 tuentur.
373 1219 420 1263 Hoc
443 1233 470 1264 eo
488 1221 580 1265 maioris
597 1225 631 1265 est
644 1221 763 1276 momenti,
786 1221 806 1264 si
816 1226 936 1278 reputare-

76 1300 153 1356 rimus,
172 1299 309 1344 aduersariis
330 1304 354 1343 ut
376 1291 501 1344 cn‘tlrolicos
517 1313 571 1345 sune
590 1301 702 1359 opinionis
717 1306 784 1347 testes
801 1301 937 1356 invenirent,

25 1374 26 1377 ¹
77 1381 195 1441 usquead
217 1386 318 1440 tempora
335 1381 453 1426 concilium
472 1381 623 1433 tridentinum
641 1382 777 1440 subsequuta
796 1394 842 1425 non
862 1381 938 1426 conti-

75 1467 151 1524 gissc,
169 1463 291 1522 harumque
306 1476 381 1508 rerum
396 1464 454 1507 inter
470 1476 510 1508 cus
529 1464 710 1519 eruditissimum,
726 1445 826 1508 llleeium
839 1448 937 1518 scilicet,

78 1546 136 1590 locis
153 1549 191 1590 out
210 1558 256 1591 nou
278 1545 333 1591 sutis
349 1544 467 1590 intellectis
486 1549 524 1590 aut
541 1544 599 1589 mule
618 1544 712 1590 detortis
731 1548 878 1603 acquiescere
895 1541 938 1587 de-

79 1627 156 1672 buisse
172 1631 199 1683 1].

143 1724 249 1778 Hermus,
266 1725 415 1770 undo-series
432 1728 518 1783 patrum
536 1725 711 1783 apostolicorum
729 1723 854 1780 inchoatur,
871 1724 937 1768 etium

79 1808 102 1852 in
124 1811 205 1851 testum
222 1807 281 1850 serie
303 1808 395 1849 nostrae
413 1806 513 1864 opinioni
531 1805 651 1850 liventium
667 1805 750 1865 primus
765 1806 818 1849 erit.
855 1804 937 1850 Scribit

80 1887 103 1930 in
130 1887 222 1931 Pastore
243 1885 300 1930 libro
319 1899 360 1930 suo
384 1886 436 1931 olim
457 1881 636 1932 cestim-utissimo
659 1892 681 1931 et
702 1888 730 1931 ad
747 1886 812 1931 finem
826 1889 935 1945 vergente

82 1968 175 2013 saecul
190 1969 261 2025 prum
281 1953 350 2023 utut,
364 1967 463 2012 trullum.
482 1967 528 2025 nu,
541 1968 586 2013 su
601 1969 626 2013 r:
644 1969 684 2027 ,ut
695 1968 750 2013 um
761 1968 879 2023 prunus)
892 1964 935 2009 nn:

80 2050 192 2104 Domine,
214 2049 271 2093 ltnoc
288 2047 392 2093 mundata
415 2063 497 2110 magna
514 2054 536 2094 et
551 2050 667 2107 pmeclnru
684 2052 747 2095 sunt:
771 2054 793 2094 et
809 2049 935 2094 exhilarare

81 2144 123 2176 cor
138 2131 235 2176 hominis
251 2134 362 2189 possunt,
386 2131 422 2188 qui
442 2131 539 2189 potnerit
556 2131 668 2177 custodiro
685 2132 790 2186 mundata
808 2131 876 2175 hunc:
894 2129 935 2174 sed

81 2213 159 2256 nescio
183 2211 292 2266 Domine,
317 2223 346 2253 un
362 2209 449 2270 possint
471 2211 575 2255 mandatu
593 2211 650 2255 haec
667 2212 693 2255 nb
709 2211 799 2256 humine
821 2210 935 2254 custodiri.

80 2293 118 2337 nn
137 2293 204 2337 milri:
227 2292 288 2336 lluec
315 2293 418 2338 mundata
435 2291 501 2336 focile
518 2292 646 2349 custodies,
669 2297 691 2336 et
715 2305 760 2337 non
786 2295 851 2336 erunt
868 2291 935 2334 dura:

123 2525 143 2574 1)
157 2537 174 2560 v.
192 2524 278 2563 Iansenr'
292 2523 396 2569 Signatum
419 2521 527 2557 modernae
547 2521 679 2570 dogmaticae,
694 2521 782 2560 snscieul.
793 2521 848 2570 prior
862 2532 881 2569 p.
892 2518 936 2554 120.

161 2595 252 2631 llluretns
264 2594 283 2629 iu
297 2593 445 2630 Commentario
460 2591 573 2628 Etlticorurn
584 2592 695 2628 Aristotelis
709 2591 787 2628 scribit:
802 2591 886 2640 „Neque
897 2590 935 2625 ‹lu-

142 2673 144 2676 ⁴
160 2665 215 2700 bium
229 2670 265 2709 ose,
274 2665 323 2714 quin
335 2662 394 2700 lromo
407 2662 466 2710 longe
476 2661 601 2713 multumque
611 2664 681 2699 ceteris
692 2662 811 2698 animalibus
821 2661 935 2697 antecellat.

160 2737 212 2773 llam
224 2746 243 2773 et
257 2745 325 2772 cetero
338 2744 424 2784 propter
436 2732 536 2770 lrominem
550 2732 642 2771 condidit
653 2724 712 2772 Deus.
729 2731 789 2781 Quod
802 2746 844 2769 non
854 2741 935 2770 tantum

159 2819 169 2842 e
187 2807 252 2843 socrus
279 2806 340 2842 tttrts
355 2805 488 2854 cognovimus
506 2803 633 2854 (quanquam
656 2818 681 2841 ex
703 2805 731 2840 eis
749 2804 836 2840 maxime
850 2816 875 2840 ac
890 2815 934 2838 cer-

158 2876 250 2924 tissime),
263 2887 331 2911 verum
346 2877 404 2910 etium
422 2886 447 2909 ex
462 2871 569 2909 Aristotele
583 2875 626 2923 ipso
647 2876 703 2910 cuius
718 2858 767 2910 lrnee
781 2879 828 2909 suut
845 2885 855 2908 e
871 2873 934 2922 primo

159 2946 301 2981 Politicorunr:
321 2939 347 2981 ud
362 2956 384 2981 τε
399 2942 454 2994 qurd
471 2944 512 2979 τῶν
527 2943 583 2987 ζώων
599 2951 636 2981 etc.
651 2945 759 2995 statimqne
775 2945 839 2980 addit:
862 2945 881 2979 εἰ
896 2938 936 2980 οὖν

160 3015 171 3061 ἦ
187 3016 255 3063 φύσις
267 3014 334 3065 μηδὲν
347 3018 399 3065 μήτε
414 3013 484 3053 tirell&
499 3009 566 3056 ποιέῖ,
587 3017 638 3066 μήτε
653 3014 732 3065 μάτην,
752 3013 874 3063 ἀναγκαῖον
893 3021 935 3053 τών

160 3084 283 3135 ἀνθρώπων
300 3085 372 3124 ἕνεκεν
385 3077 439 3121 ‹ctrd
458 3082 528 3122 πάντα
542 3086 680 3131 πεποιηκέναι
694 3084 732 3132 vlu
746 3087 820 3135 φύσιν.
848 3087 871 3129 lu
887 3100 936 3123 ean-

161 3155 205 3190 dem
217 3157 338 3193 sententium
352 3156 414 3192 multa
431 3168 446 3192 e
464 3154 576 3190 Stoicorum
591 3156 659 3193 lmnsta
675 3157 732 3195 libris
749 3157 802 3209 nprul
818 3158 936 3199 Ciceronem

161 3227 181 3262 in
196 3226 282 3263 secundo
299 3227 323 3264 de
335 3235 406 3265 natum
423 3228 505 3264 deorum
521 3225 666 3275 disprrtnntur.“
