1979 3399
424 116 457 124 „.
500 91 551 141 rao
590 116 624 121 -

194 237 295 294 integrae
313 232 386 276 farriae
401 233 423 275 et
433 229 487 275 clari
498 229 608 286 nominis,
625 227 661 273 vel
677 227 705 273 ob
722 228 779 274 alios
795 228 868 275 editos
884 228 953 273 libros

193 314 229 359 rel
248 313 306 357 sorte
331 311 360 357 ob
385 325 435 357 eum
457 311 542 370 ipsum,
564 312 602 370 qui
626 310 649 354 in
668 322 763 354 examen
782 310 915 365 adducitur,
931 313 954 353 et

191 392 250 439 huno
274 393 364 452 quidem
387 393 499 452 proscribi
529 395 646 451 oporteat;
670 404 725 450 prae
750 390 821 435 oeulis
845 390 954 435 habeatur

191 487 233 520 usu
248 474 332 521 iamdiu
346 480 438 535 recepta
455 473 595 519 consuetudo
612 471 746 533 prohibendi
761 470 848 527 librum,
865 471 953 515 adiecta

190 554 303 600 clausula:
323 554 393 600 donnae
409 554 553 614 corripiatur,
570 566 610 599 sen
627 553 697 598 clonec
713 556 865 610 ecpurpctur,
882 553 902 596 si
918 551 955 596 lo-

192 648 242 680 cum
256 635 342 681 habere
355 636 439 696 possit,
455 649 498 681 nec
515 648 585 695 grave
602 635 714 695 quidpiam
731 635 812 692 obstet,
829 646 872 694 quo
883 634 955 679 rninus

192 718 215 760 in
231 729 293 774 casu,
311 717 339 762 de
355 730 399 777 quo
415 718 495 777 agitur,
512 715 614 761 adhiberi
631 715 712 761 valeat.
745 716 793 761 Hac
810 716 883 761 autem
900 727 954 759 con.

193 797 279 843 ditione
294 798 452 858 proscriptioni
471 796 567 854 adlecta,
583 809 629 842 non
646 799 719 843 statim
735 797 815 844 edatur
832 797 955 853 decretum,

195 880 238 925 sed
260 894 369 939 suspensa
386 880 448 925 illius
464 879 633 938 publicatione,
650 892 688 924 res
705 884 771 924 antea
786 893 835 924 cnm
854 882 955 933 arrctore,

192 961 229 1006 vel
246 960 326 1018 patonis
345 962 417 1007 attero
433 974 478 1019 pro
498 974 524 1005 co
542 966 619 1020 operae
640 964 661 1004 et
678 962 788 1017 reparate,
805 957 955 1003 conturnnrice-

196 1046 249 1097 tur,
265 1047 331 1100 atque
349 1043 370 1087 ei
385 1042 438 1100 quid
456 1040 588 1094 delendum,
607 1040 750 1097 imitandum,
769 1039 957 1099 corrigendumre

197 1120 270 1178 luerit,
287 1121 404 1167 indicetur.
438 1122 504 1177 Quod
520 1124 539 1168 si
555 1135 621 1168 nemo
640 1124 738 1167 auctoris
752 1123 842 1168 nomine
863 1135 957 1180 compa-

197 1208 253 1258 reat,
269 1202 305 1246 rel
321 1203 370 1262 ipso
387 1207 424 1248 aut
440 1203 495 1249 alter
507 1216 547 1264 pro
565 1216 592 1249 eo
614 1216 685 1263 agens
700 1203 820 1249 iniunctam
831 1203 959 1249 correctio-

198 1268 249 1330 nem
275 1284 326 1330 libri
350 1284 475 1341 detrectet,
501 1297 602 1344 congruo
620 1284 710 1330 definito
728 1290 828 1344 tempore
845 1285 959 1329 decretum

197 1365 283 1410 edatur.
317 1365 340 1412 Si
360 1378 415 1410 vcro
436 1364 495 1410 idem
514 1347 592 1410 auctor
609 1365 687 1410 eiusve
703 1371 836 1424 procurator
859 1378 959 1424 congro-

197 1447 295 1507 gationis
313 1447 374 1491 iussa
390 1445 477 1504 fecerit,
496 1446 540 1491 hoc
559 1452 593 1491 est
608 1460 690 1492 nonam
705 1448 825 1493 instituerit
840 1447 890 1491 libri
909 1446 960 1491 edi-

201 1530 286 1574 tionem
310 1542 360 1574 cum
383 1527 513 1588 opportunis
536 1529 721 1589 castigationibus
744 1527 959 1584 nominationibus,

200 1616 253 1656 tunc
266 1611 413 1670 supprimatur
427 1611 598 1669 proscriptmnis
617 1611 747 1657 decretum:
765 1611 808 1656 nisi
823 1611 880 1656 sorte
897 1610 961 1670 prio-

196 1675 232 1738 ris
250 1691 355 1735 editionis
372 1690 507 1750 excrnplaria
528 1705 610 1751 rrragno
632 1706 725 1737 numero
743 1693 848 1736 distracta
866 1691 961 1736 luerint:

202 1779 255 1819 tunc
271 1773 330 1818 enim
347 1774 378 1818 ita
395 1773 508 1819 decretum
522 1773 678 1832 publicandum
697 1773 744 1828 erit,
761 1777 784 1816 ut
800 1785 878 1817 omnes
894 1773 963 1817 intel-

206 1853 284 1914 ligant,
299 1853 384 1912 primae
396 1853 501 1898 editionis
511 1853 645 1912 exemplaria
656 1853 768 1899 dumtaxat
778 1854 896 1900 interdicta
907 1855 963 1911 lore,

205 1934 320 1980 secundae
335 1947 390 1980 vero
407 1935 452 1980 iam
468 1935 599 1980 emendatae
619 1935 748 1994 permissa‘t

112 2017 182 2061 Tanta
208 2016 337 2061 Hermastus
362 2016 421 2060 vitae
450 2015 609 2075 doctrinaeque
636 2016 693 2061 sarna
714 2016 838 2063 excellebat
862 2020 967 2076 tantaque

112 2099 220 2158 dignitate
238 2098 300 2154 vixit,
318 2101 341 2141 ut
356 2097 409 2142 licet
423 2097 529 2142 inuidiam
545 2111 589 2142 non
607 2097 716 2156 effugerit,
734 2103 807 2144 tamen
823 2099 865 2156 ipsi
882 2098 966 2142 inimici

111 2180 171 2225 illam
182 2180 298 2225 lacessere
306 2190 353 2223 non
364 2179 486 2235 auderent,
502 2179 582 2238 gloria,
600 2193 664 2238 priam
676 2180 773 2225 docendi
783 2194 819 2224 ars
836 2180 857 2223 ei
868 2181 966 2224 circum-

114 2260 216 2318 dederat,
233 2261 256 2305 in
272 2260 326 2305 viris
344 2259 551 2317 excellentissimis,
572 2273 629 2318 quos
646 2260 764 2306 Gerrnania
787 2261 896 2306 catholica
910 2272 966 2319 pro-

113 2341 206 2398 creavit,
225 2341 297 2400 ipsum
310 2340 391 2385 retulit.
424 2340 552 2385 Herrnesius
564 2342 612 2399 ipse
629 2341 718 2399 quidem
735 2346 834 2386 mortuus
850 2347 907 2397 erat3
924 2341 965 2386 sed

113 2422 175 2467 multi
191 2426 323 2479 supererant
337 2421 374 2480 qui
390 2422 461 2479 ipsura
478 2422 602 2479 audierant,
620 2423 701 2480 qrriqne
715 2421 800 2466 lubenti
817 2422 891 2466 animo
909 2435 965 2467 cau-

115 2517 163 2549 sam
187 2501 235 2546 cius
254 2501 419 2546 defendendam
443 2502 588 2559 susciperent.
623 2502 665 2555 Qui
682 2515 774 2561 operum
791 2503 838 2548 cius
852 2504 965 2548 uolumina

114 2586 157 2631 tria
168 2588 281 2642 postrema
299 2582 375 2639 edidit,
391 2596 447 2642 quac
461 2583 609 2642 dogmaticam
621 2584 753 2629 catholicam
766 2584 887 2641 continent,
901 2583 965 2629 Aclr-

98 2664 247 2720 'terfeldtius
264 2664 287 2708 in
304 2663 361 2708 rivis
378 2667 427 2708 erat
445 2667 467 2706 et
478 2663 595 2707 etianmum
614 2669 654 2709 est.
687 2664 759 2710 Palam
777 2664 814 2709 ille
830 2664 901 2723 primo
919 2676 964 2709 vo-

113 2749 195 2795 lumine
212 2745 349 2792 declararit:

206 2841 270 2887 ,sese
288 2839 351 2884 esse,
372 2827 409 2885 qui
423 2824 527 2870 editionis
546 2827 620 2885 operis
640 2840 667 2872 ca
687 2827 759 2873 forma
773 2841 816 2886 qua
833 2838 892 2871 nunc
908 2838 965 2885 pro-

207 2908 259 2954 deat
288 2907 411 2967 periculum
434 2904 590 2964 praestandum
614 2906 710 2965 habeat,
733 2919 780 2951 non
805 2906 893 2952 beatum
917 2908 965 2951 eius

207 2994 345 3035 auctorem.“

112 3070 201 3116 Indoles
217 3069 373 3117 Achterfeldtii
390 3069 445 3115 satis
460 3068 597 3128 spondebat,
613 3083 767 3129 quamcunque
784 3070 963 3116 emendationem

104 3148 260 3196 vlibentissime
277 3156 418 3209 accepturum
439 3163 489 3194 cum
506 3148 582 3195 luisse.
615 3152 670 3198 Nam
686 3153 709 3197 in
724 3152 790 3198 tertio
807 3157 965 3211 postremoque

114 3229 227 3277 rolmnine
245 3232 303 3277 clare
320 3231 436 3291 professus
454 3234 499 3275 est:
