1979 3399
414 130 615 180 *ooo-

80 270 109 316 tis
126 270 170 315 rim
182 267 316 324 infirmandi,
333 255 480 327 inlr-ingenili,
496 265 650 323 subvertendi,
667 271 792 312 aartansam
803 268 943 314 nanciscan-

79 356 115 397 tur
131 356 154 395 ut
170 337 211 395 eos
226 350 288 394 viros
303 361 416 408 premere,
441 350 542 394 lacerare
566 351 589 392 et
604 347 710 407 persequi
727 349 822 406 possint,
846 364 948 414 quorum

80 445 147 477 unum
167 430 253 474 crimen
268 442 353 474 nomen
371 433 413 487 est,
433 428 492 489 quod
507 429 549 488 ipsi
566 424 609 475 sibi
622 440 669 473 non
687 428 823 476 indiderunt.

141 510 229 555 Utinam
245 522 273 555 ea
290 522 348 568 quae
364 510 434 556 modo
452 509 629 570 significavimus
647 509 759 557 sulliciant
775 513 822 568 eis,
838 513 875 570 qui
890 512 942 556 nul-

81 591 107 636 lis
125 590 270 649 praeiudiciis
287 581 391 651 occupati
410 593 471 637 sunt!
493 592 559 651 Apud
577 592 634 638 alios
650 593 740 652 quidem
755 594 857 639 rationes
873 593 940 638 etiarn

81 674 250 732 luculentiores,
268 687 334 734 (pram
350 688 406 734 quas
424 674 542 732 attulimus,
559 674 613 720 nihil
629 675 772 734 profecturae
790 681 847 722 sunt.
876 675 943 734 ,Nam

83 756 249 813 (letralrentes,“
269 769 287 801 s.
305 755 429 816 Gregorius
446 755 540 815 lllagnus
557 755 618 812 (licit,
634 754 700 814 „quial
716 755 775 800 aliud
791 755 884 811 faciunt,
900 754 943 799 nisi

85 838 108 883 in
124 838 240 897 pulverem
258 836 359 893 sulllant,
383 841 450 894 alque
469 837 491 880 in
510 835 589 881 oculos
605 850 660 882 suos
677 842 758 882 terram
778 836 905 891 concitant,
921 838 945 880 ut
979 872 981 876 Α

83 919 143 965 unde
160 920 209 977 plus
228 917 373 964 detractionis
389 903 502 976 perllant,
518 916 572 962 inrle
588 918 661 977 magis
676 917 731 962 nihil
750 916 851 961 veritatis
877 915 945 960 „qu,

85 1006 123 1047 ant
135 1002 159 1046 pa
189 1000 234 1046 Sed
252 1000 295 1045 bos
313 997 402 1057 quidem
420 996 533 1043 delatores
544 1003 641 1045 ‘nostros
657 1012 726 1059 porro
742 997 843 1043 sectatori
861 1010 944 1053 sumus,

84 1083 103 1128 si
121 1094 197 1140 porro·
207 1094 249 1126 nos
265 1080 360 1125 trabant.
383 1078 495 1124 Historiae
510 1092 566 1123 rero
581 1079 660 1125 harum
676 1080 789 1125 turbarum
805 1082 945 1124 reservatum

85 1168 126 1218 cst,
143 1166 167 1207 ut
183 1165 251 1206 totam
269 1175 297 1205 oo
313 1158 370 1204 urire
386 1158 523 1217 trnpttcamm
532 1160 682 1218 pessimorum
697 1159 840 1204 artificiorum
856 1157 905 1203 rete
923 1160 946 1203 in

84 1243 158 1288 lucem
175 1240 309 1302 protrahat,
332 1241 395 1284 ouius
412 1238 486 1283 adhuc
505 1239 596 1283 nonnisi
613 1239 698 1298 aliquot
713 1238 749 1284 fila
765 1240 948 1295 monstravimus,

85 1326 236 1379 utmonstret,
254 1333 296 1378 quo
312 1318 463 1377 spectaverint
473 1324 619 1378 spectantque
637 1332 663 1378 ela
681 1332 738 1378 quae
753 1331 836 1363 nomen
854 1323 876 1362 et
893 1331 947 1376 spe-

84 1403 142 1447 ciem
158 1402 191 1446 rei
209 1399 334 1445 catholicae
352 1398 434 1443 iniuste
444 1398 546 1443 ··0mnino
565 1403 631 1456 atrprc
646 1384 733 1444 nelarie
748 1398 792 1445 sibi
808 1401 930 1444 assumunt.

85 1707 383 1769 Quomodollermestont
400 1715 458 1772 post
473 1707 554 1756 Breve
570 1711 684 1755 erntssum
700 1721 758 1754 sese
772 1709 904 1766 posserint.
917 1734 948 1742 -

151 1787 270 1835 Nonnulli
286 1804 369 1837 eorum
380 1788 506 1837 Petronio
524 1788 605 1834 laodice
621 1787 652 1833 rte
668 1789 709 1833 rato
726 1786 857 1834 declinent.
896 1787 947 1836 De-

150 1873 302 1925 monstrator
320 1883 364 1917 eos
384 1872 466 1930 episse
482 1867 623 1915 secandam¹
636 1871 773 1928 praecepta
790 1866 820 1914 ab
837 1868 949 1916 ecclesio

153 1951 290 2009 proposita.
333 1975 335 1979 ·
654 1955 656 1957 ’

150 2107 281 2152 Perronium
298 2106 372 2152 adbuc
387 2119 458 2165 usquc
479 2105 507 2151 ad
530 2105 635 2164 paginam
652 2105 682 2150 30
703 2104 754 2149 libri
775 2104 824 2150 eius
850 2106 949 2151 comitati

90 2198 173 2232 sumus.
206 2184 232 2229 ld
249 2183 339 2242 quidem
356 2185 380 2230 in
396 2189 475 2243 aperto
491 2189 532 2243 est,
547 2198 584 2238 me
600 2185 724 2230 secundum
742 2198 784 2242 ea,
801 2198 858 2244 quae
877 2186 950 2231 adhue

90 2271 196 2324 expertus
212 2268 268 2322 sum,
286 2273 379 2323 sperare
396 2277 442 2309 non
459 2271 537 2323 posse,
553 2265 602 2310 lore
613 2269 636 2309 ut
652 2265 699 2309 eius
717 2265 776 2323 pileo
794 2271 860 2324 caput
876 2279 950 2311 meum

31 2398 32 2408 ,
90 2349 211 2401 inseratur,
232 2345 333 2403 quamvis
347 2345 393 2388 late
409 2349 485 2402 pateat
503 2346 530 2401 is,
548 2358 613 2402 quem
626 2346 675 2402 ipse
691 2345 749 2390 solet
763 2350 861 2403 gestare.
878 2346 951 2391 Etiam

94 2425 121 2471 to
137 2426 248 2483 paginae,
263 2426 359 2482 spatium
376 2436 431 2469 sane
447 2425 542 2483 amplum
558 2429 707 2483 pastumque,
724 2425 777 2469 milri
794 2428 950 2485 peragrandae

91 2509 194 2559 restant,
219 2506 338 2560 antequam
355 2503 465 2546 adfinem
483 2502 552 2546 libelli
568 2503 699 2548 Perroniani
717 2505 814 2554 reniam.
855 2507 910 2560 Quis
927 2508 951 2552 in

92 2598 129 2630 me
145 2583 241 2629 moleste
257 2582 317 2627 serre
334 2586 416 2640 potest,
434 2582 453 2626 si
470 2594 532 2641 ege,
549 2587 665 2642 postquam
683 2584 766 2630 tamdiu
784 2591 866 2631 ettam
883 2600 952 2645 aspe-

94 2666 126 2710 ris
142 2664 267 2709 tramitibus
282 2662 414 2707 Perronium
432 2663 549 2707 comitatus
565 2677 621 2722 sum,
640 2664 752 2711 desiderio
774 2667 857 2725 capior,
873 2669 952 2712 socie-

92 2745 144 2791 tatis
161 2745 210 2789 eius
229 2744 355 2790 exuendae.
388 2742 465 2800 ltaque
488 2743 531 2787 iam
548 2750 676 2790 cursaturus
699 2760 762 2803 suin,
788 2747 869 2792 multos
886 2747 951 2791 locos

94 2826 241 2885 praeteribo,
264 2827 302 2871 ubi
319 2826 382 2884 plura
398 2823 537 2870 removenda
555 2831 648 2882 essent,
674 2831 696 2870 ct
710 2827 800 2871 nonnisi
817 2827 840 2871 in
858 2828 952 2885 singulis

95 2907 163 2951 rebus
180 2906 332 2961 immorabor,
349 2910 371 2949 et
387 2902 507 2962 praecipue
527 2905 550 2948 in
568 2905 608 2961 iis,
623 2907 683 2951 unde
699 2906 756 2952 disci
773 2906 857 2964 aliquid
873 2907 951 2965 possit.

95 2987 151 3033 Nam
164 2999 177 3031 a
188 2986 297 3030 Perronio
314 2985 382 3030 multa
401 2983 459 3028 disci
474 2989 575 3043 possunt,
592 2986 634 3031 sed
650 2999 678 3030 ea
695 2987 825 3031 conditione
840 2998 958 3031 necessa..

97 3067 131 3109 rie
148 3066 276 3123 observata,
292 3071 316 3110 ut
332 3064 360 3109 de
378 3063 489 3117 omnibus
505 3076 562 3120 [prae
577 3065 638 3122 dicit,
653 3066 756 3123 dubit-es,
770 3073 793 3112 ut
809 3066 832 3111 in
850 3067 952 3112 omnibus

98 3156 149 3189 eum
165 3144 297 3203 redarguas.
334 3143 453 3202 Apagina
471 3140 500 3186 30
522 3156 593 3201 usque
615 3143 644 3188 ad
666 3145 733 3189 finem
754 3143 823 3193 libelli
842 3134 952 3202 narratur,

97 3225 211 3283 quomorlo
227 3224 367 3270 llermcsiani
390 3227 441 3282 post
456 3222 529 3268 Brere
552 3224 661 3271 aduersus
682 3225 822 3273 Hermesium
848 3231 952 3273 emissum
