1979 3399
409 96 593 146 ..60-

23 288 26 293 ,
65 238 111 284 hoc
127 238 196 284 modo
214 237 347 298 sanguinem
358 234 439 281 Christi
457 234 521 295 qnasi
536 227 631 294 pedibus
651 233 796 289 conculcare,
813 228 855 290 ipsi
872 240 928 273 vcro

66 332 145 366 rursus
166 321 189 364 in
206 320 304 378 priorem
319 318 406 362 irruere
422 316 552 373 miseriam,
574 313 635 360 unde
652 317 714 358 tanto
729 314 802 371 pretIo
819 309 930 368 redempti

66 402 141 446 estis?
169 399 227 453 Quid
243 398 271 442 de
287 397 378 441 homine
392 396 512 456 putabitis,
535 395 587 455 qni,
607 407 656 438 cum
672 393 803 452 supplicium
820 391 888 437 modo
907 390 929 434 ei

65 483 184 526 remissum
206 482 280 535 esset,
306 478 413 523 continuo
437 477 478 523 sub
503 476 575 522 oeulis
596 474 677 521 indicis
694 475 732 521 sui
745 473 805 518 idem
824 472 929 517 delictum

66 560 235 606 committeret?
250 559 316 605 Nova
326 559 393 605 venia
410 559 491 618 dignus
507 561 608 614 nonest,
625 555 712 608 dicetis,
730 558 851 613 propterea
869 553 930 613 quod

66 641 115 698 ipse
132 641 201 684 vitam
217 652 281 685 suam
300 639 428 699 petulanter
444 639 541 699 proiicit.
573 621 648 684 Nolite
664 636 732 696 igitur
748 640 771 680 et
786 647 836 691 vos,
854 646 867 678 o
885 646 930 677 no-

66 720 105 765 lite
130 720 291 780 sempiternam
314 722 383 766 vitam
405 720 609 780 sempiternamque
625 717 754 763 felicitatem
771 716 836 763 robis
857 714 931 759 desti-

69 807 146 847 natam
162 802 254 847 illicitae
269 807 292 848 et
307 802 351 847 cito
362 801 527 860 praetereuntis
543 799 663 858 voluptatis
676 811 745 858 causa
757 799 842 858 pariter
857 796 931 854 proii-

69 886 132 940 cire,
150 887 297 941 posteaquam
314 881 462 942 cognovistis,
482 894 548 940 quam
570 880 708 925 horrendum
728 879 770 935 sit,
793 877 854 923 illam
873 876 932 921 ami-

71 963 137 1019 sisse,
153 968 199 1007 tum
216 963 240 1008 in
255 961 299 1007 hac
315 963 361 1007 vita
378 954 422 1006 lum
439 973 466 1005 ea
484 974 541 1019 qnae
559 965 652 1005 aeterna
664 959 814 1017 subsequitur.
833 986 862 993 -
878 956 932 1002 lllihi

70 1043 164 1102 credite,
182 1043 201 1088 si
215 1043 281 1101 primi
294 1043 367 1088 nostri
382 1048 488 1100 parentes
501 1041 575 1086 Adam
587 1046 610 1086 et
622 1040 670 1086 Era
681 1040 739 1085 mala
756 1038 932 1093 intellexissent,

71 1137 129 1181 quae
144 1129 264 1183 peecatum
281 1136 360 1168 eorum
371 1122 470 1182 afferret,
487 1127 511 1167 ut
523 1134 565 1167 nos
577 1135 638 1167 nunc
650 1122 802 1180 intelligimus,
819 1121 838 1165 si
850 1119 933 1178 cogni-

72 1209 117 1249 tum
136 1204 178 1248 illis
191 1204 277 1261 luisset,
291 1204 368 1263 quanti
382 1202 428 1248 hoc
442 1208 561 1261 peccatum
577 1202 661 1261 optimo
677 1206 819 1259 posterorum
832 1212 931 1254 suorum,
946 1192 949 1194 ’

73 1285 111 1342 qni
128 1288 151 1327 et
169 1296 222 1328 suus
237 1283 294 1328 filins
311 1288 333 1327 et
351 1283 393 1328 Dei
408 1283 472 1328 simul
489 1274 557 1340 esset,
575 1283 719 1328 constiturum
738 1281 804 1337 loret,
820 1292 934 1338 nunqnam

73 1377 142 1408 manu
157 1363 256 1408 illicitum
271 1363 367 1408 fructum
383 1363 501 1423 appetituri
523 1368 596 1407 erant.
638 1363 694 1407 Nam
718 1362 755 1406 rol
779 1361 851 1417 illud,
873 1358 935 1419 quod

74 1444 142 1500 Deus,
161 1456 212 1487 cum
228 1443 305 1487 laesus
325 1447 393 1499 esset,
412 1455 458 1487 non
476 1442 574 1487 debitam
589 1456 686 1502 poenam
703 1443 877 1501 exsequebatur,
893 1439 935 1485 sed

75 1522 240 1581 redemptorem
254 1509 418 1580 pollicebatur,
437 1524 474 1580 qui
490 1526 608 1581 peecatum
626 1535 704 1568 eorum
721 1522 824 1568 ablueret
840 1525 863 1566 et
881 1521 936 1580 ipsis

74 1603 219 1662 posterisque
230 1614 308 1646 eorum
320 1601 414 1646 salutem
425 1601 524 1660 afferret,
540 1607 658 1661 tantopere
668 1603 764 1647 animum
775 1615 853 1647 eorum
871 1614 937 1645 com-

76 1681 192 1736 movisset,
208 1685 231 1725 ut
242 1679 323 1724 deinde
334 1681 479 1726 irritamentis
488 1682 599 1739 peccandi
611 1682 694 1726 aditum
705 1683 772 1741 plane
786 1681 936 1726 recluderent.

77 1760 106 1805 Et
122 1773 173 1816 nos,
191 1761 302 1805 carissimi
318 1761 408 1816 fratres,
424 1760 447 1803 in
463 1765 541 1805 vetera
557 1765 652 1819 peccata
667 1762 798 1807 irruemus?
821 1762 883 1817 Nos,
900 1761 937 1817 qui

78 1853 125 1884 non
150 1840 224 1884 obiter
241 1840 342 1885 divinare
359 1853 495 1899 possumus,
512 1845 617 1901 quantum
633 1842 714 1886 malum
731 1855 840 1900 quamque
859 1840 937 1885 horri-

79 1920 124 1964 bile
141 1920 170 1964 sit
185 1933 297 1978 peceare,
314 1921 355 1965 sed
370 1934 399 1966 ex
415 1934 506 1980 poena,
532 1934 598 1979 quam
621 1923 669 1980 prov
684 1923 751 1968 nohis
767 1934 887 1981 perpessus
903 1924 938 1964 est

82 1999 191 2056 Christus,
210 2000 271 2044 clare
286 2000 411 2056 intuemur3
425 2013 476 2057 nos,
491 2002 529 2059 qni
546 2014 592 2046 non
608 2001 703 2048 futuram
712 2003 755 2048 Dei
770 2004 938 2048 miserationem

80 2092 212 2138 speramus,
235 2080 277 2124 sed
299 2079 358 2124 hane
381 2080 452 2138 ipsam
469 2080 642 2126 cumulatissime
659 2087 681 2126 et
696 2096 763 2141 supra
782 2082 938 2142 exspectatio-

80 2173 132 2204 nem
149 2173 190 2219 per
205 2160 316 2204 Christum
332 2162 418 2218 experti
433 2173 510 2206 sumus
519 2177 526 2218 ;
543 2174 598 2218 nos,
614 2163 721 2221 inquam,
737 2162 884 2208 haecomnia
902 2161 940 2205 in-

81 2241 141 2300 grati
158 2230 328 2299 obliviscemur,
344 2247 366 2287 et
383 2243 471 2299 Deum,
490 2242 528 2300 qui
544 2246 604 2286 tanta
621 2255 663 2287 nos
681 2244 774 2287 caritate
790 2246 939 2301 prosequutus

85 2327 127 2377 est,
144 2321 218 2366 denuo
240 2322 375 2367 laedemus?
399 2322 469 2366 Nobis
487 2334 556 2378 opera
573 2320 672 2366 libidinis
686 2322 724 2365 vel
739 2322 838 2366 illicitum
855 2321 940 2364 lucrum

83 2401 224 2445 maioremne
237 2400 372 2457 voluptatem
387 2400 505 2459 parabunt,
523 2413 588 2458 quam
604 2403 686 2445 caritas
701 2401 744 2445 Dei
759 2400 850 2446 nostri?
867 2398 940 2454 Absit,

84 2480 220 2525 Christiani!
238 2483 282 2522 lam
299 2478 380 2537 frigido
398 2479 486 2535 animo,
502 2484 548 2523 tam
562 2479 645 2538 ingrati
659 2493 714 2538 erga
729 2481 812 2536 Deum,
829 2484 873 2523 tam
887 2492 941 2523 cru-

84 2558 148 2604 deles
174 2560 198 2602 in
218 2563 307 2602 nosmet
329 2559 391 2616 ipsos
418 2570 470 2602 esse
493 2571 566 2616 neque
591 2572 710 2617 possumus
732 2573 805 2619 neque
829 2559 939 2603 volumus.

85 2639 186 2684 Christus
208 2638 333 2682 immolatus
356 2642 390 2681 est
412 2650 454 2696 pro
477 2638 543 2682 nobis
560 2638 644 2695 pascha
661 2644 777 2696 nostrum,
794 2640 846 2684 ideo
863 2643 942 2696 pectus

84 2719 129 2764 iam
145 2719 246 2777 peccatis
265 2718 410 2763 occludemus
426 2717 530 2776 idemque
551 2732 564 2763 a
579 2724 641 2764 terra
659 2719 759 2763 amdsum
774 2720 817 2764 soli
832 2721 882 2764 Deo
900 2719 943 2764 ad-

83 2799 213 2858 iungemus.

146 2880 206 2925 Sane
224 2880 328 2939 quidem,
351 2880 462 2925 carissimi
477 2877 571 2924 fratres!
602 2881 652 2925 Non
670 2882 737 2926 modo
754 2885 834 2925 vetera
850 2884 945 2937 peccata

85 2958 203 3017 mittemus
218 2960 260 3005 sed
276 2961 374 3005 animum
392 2961 420 3004 ab
437 2958 539 3003 omnibus
556 2960 652 3005 terrenis
669 2965 809 3017 avertemus,
824 2964 846 3003 et
862 2959 944 3003 abhinc

86 3037 185 3083 solilteo
199 3040 360 3101 adiungemus:
378 3038 478 3084 Christus
495 3039 554 3082 enim
569 3052 609 3097 pro
625 3040 692 3085 nobis
708 3039 793 3098 paseha
808 3038 944 3085 immolatum

86 3120 137 3172 est,
160 3123 184 3161 ut
208 3121 255 3165 eins
278 3121 390 3179 sanguine
414 3118 442 3163 ab
464 3121 561 3161 >aeterna
584 3119 944 3166 condemnationeliberaremur.

86 3197 150 3245 Haec
174 3199 255 3244 caritas
270 3200 313 3245 Dei
333 3199 406 3245 nostri
428 3197 525 3243 aninmm
545 3202 645 3244 nostrum
670 3203 693 3244 ut
716 3204 860 3257 apeccato,
875 3200 946 3245 vitata
