1979 3399
398 75 599 127 -318-

77 216 176 273 beatitas,
192 220 218 261 nt
231 227 331 261 sommae
343 213 487 260 beatitudinis
503 198 560 259 sane
577 225 623 271 pao
641 212 787 259 aeternaliter
802 210 883 258 beatas
899 217 940 279 est,

79 298 139 343 otios
158 296 212 340 uelit
233 308 284 339 esse
298 294 443 353 participes:
466 307 531 354 ipram
552 293 615 338 uidet
635 298 657 339 et
679 293 846 359 eorrrnmnicari
860 305 939 352 posse,

82 383 105 423 ct
119 376 188 421 minui
203 377 295 421 ornnino
314 388 361 420 non
377 388 454 434 posse.
487 364 542 420 Illud
558 386 614 433 ergo
634 374 719 419 launum
734 373 795 434 quod
809 375 858 433 ipse
883 379 939 432 erat,

79 463 102 502 et
118 469 162 515 quo
178 456 258 501 beatus
275 460 331 514 erat,
349 455 399 501 sola
415 455 517 501 bonitate
532 467 579 500 non
597 455 734 499 necessitate
746 454 796 499 aliis
814 455 941 499 communi-

80 539 128 581 cari
151 537 234 582 voluit:
261 536 313 596 quia
337 548 423 581 sumum
445 536 500 581 boni
516 539 565 580 erat
583 533 695 593 prodesse
712 533 780 592 velle,
797 537 820 580 et
835 535 941 595 omnipo-

80 617 200 662 tentissimi
213 629 299 662 nocere
316 628 363 660 nou
378 621 467 675 possa‘¹

296 699 367 746 Quare
382 699 497 737 rationalis
511 707 608 736 creatura
615 697 680 749 fricta
694 696 728 734 sit.

145 768 186 827 ,Et
202 768 255 827 quia
271 780 318 812 non
335 768 395 812 valet
411 768 459 813 eius
473 766 615 812 beatitudinis
627 766 740 825 particeps
753 767 851 811 existere
862 765 946 825 aliquis

81 850 127 895 nisi
143 863 185 908 per
201 848 381 908 intelligentiam,
398 859 456 906 quae
472 851 553 906 quanto
570 847 643 906 magis
658 844 794 906 intelligitur,
812 850 874 896 tanto
889 845 943 904 ple-

82 932 133 976 nius
159 930 268 986 habetur,
294 928 350 974 fecit
375 929 431 973 detis
454 927 587 973 rationalem
603 914 743 985 creaturam,
761 941 818 986 quae
834 940 944 973 summum

82 1013 167 1057 honum
184 1010 328 1069 intelligeret,
346 1013 369 1053 et
384 1007 532 1068 intelligendo
549 1012 641 1066 amaret,
660 1013 682 1053 et
697 1007 794 1053 amando
806 1008 945 1067 possideret,

84 1106 114 1138 oc
128 1090 405 1150 possidendofrueretur.
438 1090 537 1148 Eamque
549 1089 592 1135 lroc
604 1089 672 1135 modo
692 1089 799 1147 distinxit,
815 1095 839 1135 ut
852 1102 904 1149 pars
921 1091 946 1135 in

85 1174 121 1220 sui
136 1173 231 1232 puritate
253 1175 412 1230 permaneret,
436 1183 480 1216 nec
497 1170 588 1229 corpori
610 1172 725 1228 uniretur,
749 1171 836 1216 scilicet
862 1172 946 1231 angeli,

36 1313 37 1316 Ἴ
84 1265 138 1314 pars
162 1253 253 1310 corpori
275 1239 423 1310 iungeretur,
447 1250 534 1295 scilicet
558 1249 653 1296 animae.
686 1251 795 1298 Distincta
819 1259 854 1299 est
869 1253 947 1312 utique

85 1332 202 1381 rationalis
220 1335 323 1376 creatura
338 1330 362 1374 in
385 1330 543 1388 incorpoream
566 1334 588 1375 et
608 1343 757 1390 corpoream,
773 1337 796 1377 ot
811 1334 948 1392 incorporea

87 1412 177 1473 quidem
199 1410 300 1470 augelus,
316 1423 427 1469 corporea
439 1423 495 1455 vero
513 1410 581 1457 horno
598 1417 693 1457 vocatur
708 1426 736 1457 ex
753 1414 826 1458 aniana
843 1412 948 1458 rationali

88 1499 111 1540 ct
127 1507 196 1539 carne
214 1492 347 1538 subsistens.
387 1490 492 1538 Conditio
509 1505 565 1553 ergo
582 1493 699 1538 rationalis
718 1498 836 1539 creaturae
849 1492 949 1552 prirnoro

88 1586 183 1619 consona
197 1570 277 1617 ltobrn't
292 1570 328 1616 del
344 1569 484 1616 bortitoterffl.
537 1599 539 1602 .

304 1653 374 1700 Quare
389 1662 471 1691 creatus
488 1653 516 1690 sit
530 1653 589 1691 ltonzo
604 1653 640 1691 vel
653 1653 746 1703 angelus.

154 1720 267 1780 ,Ideoque
290 1721 311 1767 si
326 1725 448 1781 quaeratur
465 1733 534 1779 quare
552 1726 642 1767 creatus
661 1723 689 1767 sit
705 1722 772 1768 homo
789 1723 826 1768 vel
840 1723 947 1783 angelus:

89 1801 155 1847 brevi
171 1814 276 1847 sermone
292 1801 428 1858 responderi
445 1805 532 1859 potest,
547 1805 644 1858 propter
661 1800 781 1847 beatitatem
797 1805 853 1849 etos.
885 1805 950 1850 Unde

90 1882 150 1940 Aug.
166 1882 189 1926 in
205 1882 242 1926 lib.
260 1881 288 1926 de
305 1881 407 1926 doctrina
427 1881 560 1939 Christiana,
578 1883 629 1940 [prtia
646 1883 718 1928 horrus
736 1890 770 1930 cst
783 1883 846 1943 dous,
862 1898 947 1930 sunaus:

93 1965 116 2005 ct
130 1962 153 2005 in
172 1966 277 2020 rprantum
294 1974 378 2019 sunaus,
396 1962 450 2007 honi
466 1969 562 2008 sirmuss‘.

285 2053 318 2092 Ad
333 2054 387 2107 qnid
399 2065 472 2093 creato
485 2057 512 2094 sit
525 2057 640 2095 rationalis
656 2068 754 2096 ereatura

155 2125 196 2183 „Et
212 2125 232 2170 si
248 2131 369 2184 quaeratur
386 2125 415 2170 ad
436 2127 489 2186 quid
505 2133 582 2173 ereata
598 2128 627 2173 sit
643 2128 759 2182 rationalis
780 2133 895 2173 creatura:
911 2140 952 2172 re-

93 2205 230 2263 spondetur:
248 2205 278 2250 ad
294 2206 430 2251 laudandum
449 2207 522 2264 deum,
538 2208 567 2253 ad
582 2207 726 2253 serviendum
739 2209 768 2266 ei,
786 2208 817 2253 od
832 2209 952 2268 dnertdnrn

93 2298 135 2329 eo:
152 2285 177 2328 ln
192 2283 272 2342 preibns
288 2284 380 2342 proficit
395 2284 460 2342 ipsu,
477 2299 523 2329 non
545 2287 621 2334 cletta·
639 2288 701 2333 Deus
720 2289 780 2332 enim
796 2288 911 2346 perfectus
929 2292 951 2332 et

95 2379 181 2412 summa
196 2366 297 2410 bonitate
313 2366 400 2423 plenus,
417 2379 461 2411 nec
477 2368 556 2425 augeri
568 2372 644 2425 potest
659 2381 703 2412 nec
713 2369 789 2412 rninui.
823 2350 889 2420 Quod
899 2380 952 2424 erpo

95 2444 216 2488 rationalis
233 2449 340 2487 creatora
354 2445 418 2501 sacto
435 2449 469 2488 est
484 2457 499 2488 a
515 2446 569 2501 deo,
589 2446 731 2503 referendam
747 2450 781 2490 est
796 2446 827 2491 ad
842 2446 958 2491 creatoris

97 2524 225 2578 beatitatem,
243 2522 274 2568 nd
289 2528 409 2568 creaturae
424 2523 559 2572 artilltoternf‘.

110 2643 119 2654 2
130 2617 254 2657 Brevissima
270 2616 376 2667 responsio
391 2629 435 2654 cnm
449 2616 573 2669 quaeritur,
589 2630 654 2670 qnare
669 2620 704 2657 vel
716 2619 746 2658 ad
760 2618 881 2673 qnidsoctct
893 2619 921 2656 sir

412 2687 525 2725 rationalis
538 2697 642 2726 creatura.

160 2756 227 2814 ,Cum
243 2769 299 2815 ergo
318 2757 447 2814 (praeritur,
464 2768 533 2814 quare
550 2757 587 2802 vel
603 2758 633 2803 ad
649 2758 702 2807 orrid
718 2759 778 2804 facta
794 2759 823 2802 sit
837 2756 954 2803 rationalis

99 2842 219 2892 creatura,
243 2836 377 2881 lnevissime
399 2837 533 2895 responderi
549 2844 637 2896 potest:
661 2845 753 2898 propter
771 2839 807 2884 dei
824 2840 955 2896 honitatem,

98 2920 122 2960 et
137 2929 200 2961 suam
216 2916 339 2962 utilitatem.
372 2918 429 2963 Utile
447 2931 528 2975 nernpe
543 2920 585 2977 ipsi
602 2926 637 2965 est
656 2922 742 2966 servire
761 2921 804 2971 deo
822 2927 844 2966 et
860 2921 902 2966 frui
919 2933 955 2965 eo.

98 2997 178 3042 Factus
194 3011 249 3056 ergo
268 3000 361 3057 angelus
388 3001 436 3045 sive
452 3000 520 3044 homo
538 3007 629 3060 propter
646 3004 711 3048 deum
729 3002 810 3047 dicitur
826 3014 894 3046 esse:
910 3014 957 3045 non

100 3075 152 3130 quia
168 3082 257 3121 creator
275 3078 330 3122 deus
348 3084 370 3123 et
385 3092 470 3144 summe
486 3077 573 3133 beatus,
591 3080 716 3126 alterutrius
734 3083 856 3141 indiguerit
872 3080 957 3138 officio,

100 3153 139 3212 qui
156 3153 266 3201 bonorum
281 3161 410 3203 nostrorum
425 3171 472 3203 uon
489 3162 553 3215 eget:
571 3159 612 3205 sed
630 3166 654 3206 ut
669 3163 765 3208 serviret
781 3163 810 3220 ei,
824 3175 851 3209 ac
866 3162 956 3209 fruere-
