1979 3399
400 86 568 136 ..5-

53 235 93 281 illa·
108 229 263 278 ecclesiastica
280 226 406 284 celebrare,
423 226 492 271 innuo
511 225 579 270 ctiam
597 220 715 267 instituere
732 224 754 264 et
769 231 850 278 parare
865 217 914 277 pla.

53 314 151 370 sitisset,
162 312 193 365 ,si
206 309 338 357 Hermastus
360 307 405 354 ullo
428 307 497 353 modo
517 305 595 351 fuisset
612 299 777 348 heterodoxiae
795 304 914 358 suspectus

53 409 81 440 ae
104 409 149 439 non
172 393 246 455 potius
268 390 381 449 insignem
404 387 554 433 orthodoxiae
573 387 655 432 famam
671 380 811 429 habuissetit
840 379 915 425 Voluit

52 477 176 522 Academia
192 471 379 519 llonastcriensis
396 469 486 527 publico
508 468 636 515 testimonio
654 465 773 511 declarare
793 462 854 507 illum
872 475 915 505 ve-

53 557 176 603 nerationis
201 553 317 608 aflectum,
342 562 385 609 cpio
411 562 492 598 ornnes
514 549 655 593 llcrrncsiurn
681 545 814 608 prosequuti
840 549 913 601 erant,

49 638 119 695 idque
135 620 201 694 eprnnn
218 632 344 678 honorilice
361 613 438 687 iecit,
451 634 496 676 tmn
515 643 529 674 a
544 629 635 673 nemine
651 642 702 673 eam
718 628 747 673 ob
766 641 858 675 causam
876 629 913 675 vl-

52 721 152 776 tnperata
170 719 213 772 est,
229 711 270 758 secl
287 711 385 757 omnium
401 712 476 771 potius
492 709 677 769 approbationem
692 693 747 755 tulit.

53 996 119 1055 Quid
135 995 270 1052 Petronius
291 993 340 1040 sttt
362 990 519 1040 tractandum
534 990 667 1045 sanrsertt,
691 1012 723 1020 -
738 998 810 1047 qaum
825 983 932 1045 apendt*

115 1077 234 1121 rationem
250 1078 381 1136 sequatur,
398 1098 428 1106 —
452 1083 521 1132 quern
539 1067 612 1129 finem
632 1069 809 1128 proprietate
826 1065 913 1112 oculos

113 1153 208 1204 lrabeat.

113 1339 233 1385 Perconius
250 1337 306 1383 Acta
326 1336 488 1392 Hermestana,
510 1334 532 1380 h.
548 1347 569 1379 o.
593 1332 719 1378 doctrinam
744 1331 772 1376 ab
792 1330 912 1375 Hermesio

51 1417 169 1473 traditam,
193 1417 222 1463 ad
249 1425 344 1461 examen
360 1428 471 1461 revocare
487 1414 588 1460 instituit.
621 1412 654 1455 Ea
670 1411 693 1454 tn
709 1423 735 1456 re
751 1423 798 1454 non
814 1410 912 1454 alienum

51 1490 88 1542 itti'
99 1498 172 1541 visum
188 1500 230 1553 est,
247 1495 354 1540 nonnulla
376 1495 465 1539 devita
486 1498 509 1538 et
524 1471 622 1553 ptrsona
638 1491 750 1536 Hermesii
765 1491 910 1549 praemittere

25 1575 27 1577 ’
50 1578 174 1635 paucisque
192 1575 331 1633 ostendere,
348 1588 392 1634 quo
408 1574 477 1620 modo
503 1579 526 1619 et
549 1580 601 1619 ante
619 1572 784 1617 damnationem
801 1571 910 1616 librorum

49 1654 160 1701 Herruesii
177 1661 199 1700 et
215 1659 267 1714 post
282 1655 423 1699 Herruesiaui
440 1666 466 1699 se
482 1654 603 1713 gesserint.
635 1651 682 1696 Iam
693 1652 730 1710 qui
741 1651 843 1696 Petronii
858 1663 912 1694 rno-

49 1747 97 1779 rom
113 1749 141 1779 cx
158 1738 239 1780 ceteris
255 1735 303 1779 eius
321 1735 410 1793 scriptis
429 1733 544 1793 cognovit,
561 1733 621 1777 hune
638 1733 710 1790 ipsum
725 1730 912 1777 antetulilrcllurn

49 1813 86 1857 vel
104 1814 177 1858 obiter
194 1813 336 1871 perlustravit
346 1819 368 1858 et
379 1813 502 1872 perspexit,
519 1826 583 1870 (pianr
604 1811 708 1856 consulto
721 1813 796 1856 omnia
809 1815 912 1854 tracten-

50 1895 85 1937 tur
102 1897 123 1937 et
141 1898 303 1952 computentur,
318 1894 337 1937 is
355 1880 383 1937 (le
399 1895 443 1937 fine
460 1893 569 1937 Perronio
587 1892 704 1950 proposito
722 1891 802 1935 dubius
814 1890 911 1935 haerere

49 1981 95 2015 non
113 1974 208 2030 poterit:
230 1973 318 2017 scilieet
333 1972 425 2030 praevia
442 1986 518 2017 rcrcrm
535 1973 622 2017 illarum
638 1972 770 2015 narratione
788 1969 843 2015 illutl
860 1969 911 2016 effi·
971 1997 974 1999 ·

50 2062 103 2098 cere
118 2051 202 2107 notarit,
223 2055 247 2095 nt
268 2051 366 2095 lectores
392 2051 421 2095 de
438 2054 541 2096 examine
561 2056 641 2110 postca
659 2050 687 2095 alr
705 2051 755 2108 ipso
772 2049 910 2096 instituendo

49 2128 128 2173 melius
150 2130 250 2174 iudicare
273 2135 382 2187 possent,
406 2131 428 2174 h.
442 2145 462 2175 e.
480 2128 505 2176 u't
522 2129 593 2176 animi
606 2131 729 2188 legentium
746 2129 857 2173 adversus
875 2142 911 2186 ea,

51 2220 197 2267 quaeeunque
214 2211 241 2253 ali
258 2209 375 2254 Herruesio
399 2216 492 2266 essent,
511 2215 677 2269 occuparentur
699 2213 722 2253 et
742 2208 850 2252 iinlicium
866 2221 910 2253 eo-

50 2299 99 2331 rum
125 2293 312 2346 corrumperetur.
343 2287 432 2333 Itlcirco
457 2289 531 2333 omnia
552 2289 601 2333 iere
617 2288 708 2332 silentio
725 2288 911 2346 praetermittun-

50 2371 102 2425 tur,
120 2369 198 2426 [pilitus
214 2368 326 2418 Herruesii
342 2381 419 2414 mores
439 2369 537 2414 illustres
555 2380 687 2427 comparere
704 2369 806 2426 possint,
823 2368 910 2413 idcireo

51 2458 89 2491 res
104 2447 248 2506 planissimae
270 2462 300 2493 ex
315 2450 362 2494 vita
378 2449 425 2494 eins
441 2451 551 2507 repetitae
574 2448 739 2506 deformantur,
760 2461 910 2506 corrumpun-
930 2487 931 2490 ,

51 2529 87 2569 tur
108 2532 130 2570 et
152 2528 175 2570 in
197 2528 276 2572 falsmn
301 2534 446 2587 conspectum
470 2530 638 2589 detorquentur.
679 2529 830 2588 Quosonnque
852 2530 909 2573 finos

24 2595 25 2600 ’
51 2602 180 2648 Hermestus
196 2606 241 2651 ulto
258 2612 359 2665 tempore
377 2614 484 2667 serprutus
500 2601 550 2663 est,
567 2622 680 2667 nuntpram
697 2622 743 2654 non
762 2623 791 2653 ex
807 2591 909 2655 Petronii

51 2681 135 2726 iudicio
151 2685 214 2740 pravi
237 2685 340 2745 fuerunt,
361 2694 385 2733 ut
405 2703 490 2735 surnrrra
506 2690 564 2734 haec
585 2689 751 2747 proficiscatur:
769 2690 909 2733 Hennosiunr

52 2759 121 2805 tuisse
141 2760 253 2806 homiuem
279 2778 392 2825 netpram,
416 2769 486 2814 fuisse
502 2769 669 2823 sinmlatorem,
690 2770 728 2825 qui
744 2769 785 2812 sub
803 2771 909 2827 auspiciis

52 2842 139 2900 imperii
163 2843 278 2906 Bornssici
297 2845 342 2889 hoe
363 2847 442 2891 studiis
461 2849 547 2892 suiset
569 2860 638 2906 opera
655 2847 746 2891 efficere
761 2846 869 2907 voluerit,
887 2856 912 2895 ut

51 2921 132 2982 religio
149 2922 267 2978 catholica,
285 2928 428 2982 quantumin
444 2940 472 2972 eo
492 2932 560 2981 esset,
577 2928 744 2985 exstirparetur.

113 3002 146 3047 Eo
166 3002 236 3047 tetulit
254 3007 332 3048 auctor
348 3005 413 3051 halus
430 3007 494 3063 libri,
515 3008 598 3052 artilms
615 3018 676 3062 usus,
692 3018 747 3063 quas
762 3007 807 3053 iam
821 3023 857 3055 >ex
874 3015 910 3055 tc-

52 3078 128 3125 nebns
146 3082 191 3126 suis
208 3081 340 3140 protrahere
364 3091 387 3131 et
403 3087 427 3131 in
448 3086 521 3132 lucem
539 3085 651 3130 collocare
665 3082 816 3135 instituemus

114 3161 305 3217 Quernatlrnodum
329 3166 413 3215 urrtbris
436 3167 510 3215 lumen
526 3163 596 3226 ipsum
612 3164 718 3216 illustrius
734 3170 773 3230 fit,
798 3168 909 3230 epternacl-
