1979 3399
389 67 497 119 ..gp
537 91 571 99 „-

56 206 182 263 admiscuit,
195 209 214 253 si
230 207 360 255 Hermesius
374 208 477 256 llantium
492 213 514 255 et
525 208 635 255 Fielrtiurn
645 208 766 252 veneratus
778 209 820 270 est,
835 210 857 251 et
871 218 917 251 non

58 293 178 335 ueneratus
195 295 230 336 est
251 296 275 337 ut
292 285 443 337 Protest‘antes
460 291 502 336 sed
518 295 542 336 ut
556 277 717 349 philosophos,
732 301 785 333 uum
801 286 854 339 inde
871 301 917 332 ne-

60 372 161 416 cessario
179 377 329 432 consequetur
347 371 505 417 orthodoxiam
529 372 577 416 eius
598 370 748 437 suspiciosam
763 368 856 414 videri?
872 368 917 413 hli-

58 452 118 496 nime
133 466 197 498 vero.
229 453 285 498 Num
303 454 351 511 ipse
368 452 487 496 Petronius
504 451 597 510 negabit
618 477 649 490 -ω
672 451 715 499 sed
731 451 843 496 mittamus
859 450 917 494 Per-

56 534 156 591 ronium,
176 534 213 592 qui
233 545 261 577 eo
278 531 396 577 descendit
413 533 496 575 utiam
517 531 590 576 omma
608 546 665 591 quac
682 532 809 577 collibuerit
832 535 856 576 et
871 543 916 574 ne-

57 626 114 672 gare
139 618 161 658 et
178 612 290 657 affirmare
313 612 384 671 possit
406 640 436 647 -
456 625 509 656 num
528 612 657 671 quisquam,
677 613 786 666 Perronic
809 616 914 671 excepto,

57 694 165 752 negabit,
181 693 283 739 llantium
305 698 327 738 et
344 691 453 738 Fichtium
470 692 585 752 cogitandi
607 692 776 751 disputandique
792 695 915 739 subtilitate

57 773 193 832 conspicuos
210 772 301 818 luisse?
324 773 382 828 Quid
398 774 466 833 igitur
483 772 614 831 theologum
631 773 764 818 catholicum
779 775 915 832 prohibebit,

57 855 273 914 qrrnminusmagna
290 855 313 899 in
328 853 468 914 philosophia
480 854 560 899 merita
576 854 604 898 iis
620 854 708 910 tribuat,
724 855 842 913 (prontinus
861 867 917 900 eos-

58 934 109 980 dem
125 924 247 981 vene'retur
262 940 284 981 et
301 936 441 981 admiretur?
457 936 522 981 Prirni
542 935 660 994 religionis
678 935 817 980 Christianae
835 936 918 981 docto-

58 1029 96 1060 res
115 1030 162 1061 non
180 1015 324 1061 crediderunt
340 1030 391 1062 sese
404 1016 481 1061 faeere
500 1015 559 1075 qnod
575 1016 673 1061 illicitum
689 1021 758 1073 esset,
776 1030 826 1061 eum
842 1017 919 1076 philo-

60 1096 145 1156 sophos
163 1097 274 1157 gentiles,
298 1098 321 1142 in
337 1097 459 1156 primisque
474 1098 600 1154 Platonem,
616 1098 692 1156 magni
709 1097 824 1142 ducerent.
856 1099 917 1142 Pan-

57 1184 145 1237 taenus,
161 1180 257 1225 lustinus
266 1180 357 1239 blartpr,
370 1180 537 1241 Athenagoras,
554 1180 657 1225 Clemens
669 1179 844 1237 Alexandrinus,
862 1179 917 1224 Ori-

58 1273 148 1319 genes,
172 1273 247 1306 nenne
271 1273 350 1305 omnes
374 1273 423 1304 cum
446 1261 538 1320 ingente
556 1260 714 1320 discipulorum
732 1273 804 1320 grege
820 1260 918 1320 gentiles

57 1338 204 1398 philosophos
224 1339 325 1385 admirati
343 1344 409 1395 suut,
431 1341 497 1384 etiam
514 1342 632 1385 tunicum
653 1340 773 1386 Christiani
795 1341 848 1386 lacti
872 1342 918 1387 iam

58 1419 142 1463 erant?
159 1419 224 1464 Certe
241 1419 299 1463 adeo
317 1432 357 1464 eos
374 1418 469 1477 amplexi
484 1423 542 1476 sunt,
560 1419 682 1476 uthrerint,
699 1420 736 1478 spui
748 1434 796 1476 eos,
815 1422 917 1479 quamvis

57 1500 145 1556 iniuria,
164 1502 320 1557 coarguerent,
337 1499 400 1556 plura
418 1503 440 1542 et
456 1500 535 1557 gravia
549 1498 653 1557 dogmata
672 1513 702 1543 ex
717 1501 795 1558 gentili
811 1501 915 1559 phileso-

56 1579 109 1637 phia
120 1579 143 1623 in
154 1579 303 1623 Christianam
321 1578 444 1642 doctrinam
459 1577 605 1622 transtulisse.
638 1578 734 1623 lustinus
748 1580 776 1623 bl.
792 1581 916 1638 profitetur,

57 1659 154 1704 Platonis
178 1658 260 1719 placita
285 1671 334 1703 cum
352 1657 482 1703 Christianis
506 1663 590 1703 tantum
612 1671 659 1703 non
682 1661 704 1703 in
728 1661 830 1706 omnibus
848 1662 916 1708 rebus

58 1742 187 1785 consentire
210 1738 318 1797 [Apolog.
335 1738 361 1783 ll.
378 1745 399 1793 ς.
418 1739 472 1794 13],
500 1743 610 1782 ettamen
627 1738 705 1782 lustini
722 1752 805 1784 nomen
824 1741 848 1784 in
865 1740 916 1785 albo

59 1820 192 1866 Sanctorum
208 1825 330 1878 comparet.
356 1819 458 1863 Clemens
471 1816 639 1863 Alexandrinus
657 1819 714 1881 atlee
726 1819 786 1878 dicit,
804 1821 917 1866 Platonem

57 1914 104 1946 non
121 1902 188 1946 rrrodo
201 1901 230 1944 ad
240 1902 357 1945 veritatem
372 1900 510 1956 incubuisse,
528 1900 569 1945 sed
585 1901 681 1945 eundem
700 1900 775 1945 diuino
788 1902 868 1960 spiritu
880 1902 918 1945 in-

59 1982 149 2025 citatum
165 1981 235 2025 fuisse
245 1981 360 2036 (Stromat.
373 1980 389 2023 l.
398 1980 441 2035 8.).
473 1980 487 2024 b
497 1981 584 2024 inucius
595 1980 657 2024 Felix
667 1981 760 2025 scribit:
777 1995 816 2039 „se
827 1982 918 2041 opinio-

58 2073 99 2104 nes
112 2061 210 2104 omniurn
221 2059 291 2103 ferme
304 2058 487 2118 philosophorum
498 2059 526 2103 de
535 2071 580 2102 uno
590 2059 639 2103 Deo
651 2060 784 2117 exposuisse
798 2088 827 2095 —
838 2066 863 2105 nt
872 2066 919 2111 sta,

58 2140 164 2185 tuendum
173 2138 283 2195 videatur,
298 2144 335 2183 aut
348 2138 486 2182 Christianos
501 2137 714 2196 nuncphilosophos
726 2151 777 2182 esse
793 2146 830 2185 aut
840 2142 917 2199 phile-

58 2219 142 2278 sophos
158 2218 227 2263 fuisse
243 2218 287 2269 iam
303 2223 356 2263 tunc
370 2216 528 2261 Christianosfl
544 2217 593 2274 lpse
606 2217 744 2277 Augustinus
761 2219 784 2263 in
796 2220 917 2266 Retracto-

59 2300 158 2344 tionibus
171 2299 198 2354 (l.
209 2299 245 2354 ll.)
262 2299 352 2342 nimiam
368 2297 456 2341 laudem
467 2299 567 2342 terminis
579 2299 712 2356 quibusdam
728 2301 916 2348 circumscribere

59 2379 142 2437 debuit,
154 2393 218 2438 quam
229 2378 314 2424 Platoni
324 2383 346 2423 et
354 2377 474 2423 Platonicis
483 2377 637 2433 concesserat,
651 2385 674 2425 ut
684 2379 740 2424 alios
751 2381 831 2427 multos
843 2384 915 2428 silen-

58 2460 89 2504 tio
104 2465 279 2517 praetereamus.
313 2458 398 2512 Quodsi
414 2457 510 2503 lustinus
522 2458 611 2517 hlartpr,
628 2472 645 2503 s.
662 2460 800 2519 Augustinus
818 2464 842 2506 in
857 2464 917 2509 hunc

58 2539 149 2583 modum
168 2540 195 2584 de
214 2539 332 2598 gentilibus
355 2538 494 2598 philosophis
516 2540 600 2585 sentire
620 2545 754 2599 potuerunt,
780 2543 833 2602 quid
856 2544 916 2589 Her-

59 2620 153 2664 mesium
166 2619 319 2678 prohibuerit,
338 2620 456 2679 quonimus
474 2620 501 2664 de
514 2620 600 2664 'llantio
618 2626 640 2664 et
656 2622 749 2678 Fichtio,
767 2624 804 2681 qui
819 2625 916 2683 gentiles

59 2713 106 2746 non
122 2706 193 2759 erant,
212 2700 313 2746 similiter
325 2700 439 2745 sentiret?
455 2700 524 2746 humo
541 2714 558 2745 s.
574 2700 670 2746 lustinus
680 2702 770 2762 longius
783 2704 840 2749 adeo
857 2719 914 2764 pro-

59 2793 151 2840 gressus
169 2780 267 2826 disertior
282 2782 418 2839 pronuntiat,
438 2781 561 2838 Socratem,
580 2782 728 2838 lleraelitum,
748 2785 804 2828 alios
816 2785 916 2831 eiusdem

59 2864 151 2920 generis
167 2862 236 2907 luisse
252 2862 403 2914 Christianos!
418 2870 445 2919 ἱ).
477 2866 520 2909 Per
535 2864 596 2922 plura
614 2865 705 2909 saecula
716 2864 914 2910 ScholasticiAri-

60 2944 146 2988 stotelis
170 2940 332 3002 philosophiam
352 2948 456 3003 tanquam
479 2944 624 3003 Evangelium
644 2942 839 3002 philosophicum,
863 2947 912 2994 eius

60 3025 197 3069 assertiones
218 3027 324 3080 tarnpram
344 3024 430 3069 oraculi
451 3038 522 3072 voces
543 3029 697 3082 suspexerunt.
738 3024 761 3070 S.
784 3024 916 3088 AnselmuS,

62 3133 247 3144 ’Q

101 3179 120 3231 l)
134 3181 216 3234 Apolog.
234 3185 248 3220 l.
264 3182 279 3236 §
293 3182 325 3224 30.
