1979 3399
415 60 615 110 *ild-

85 202 216 259 recusabit,
239 206 275 260 ,ut
298 199 357 260 quod
382 212 432 244 curn
458 199 601 260 redemptore
624 200 649 245 H.
666 200 757 245 liiill'ero
784 201 812 246 de
836 212 887 246 mco
902 211 943 245 re-

85 296 183 342 „sponso
204 283 260 341 typis
282 279 427 339 exprimendo
451 284 474 325 et
489 293 570 325 vcnum
597 281 671 326 (lando
695 286 773 340 paclus
791 296 853 339 sum,
873 282 897 327 id
918 287 943 327 ut

87 364 150 422 „sine
167 363 288 408 mutatione
304 367 424 420 serretur,
453 374 511 407 neve
534 375 681 423 quaecunque
704 365 808 422 responsi
825 364 868 409 mei
885 364 943 423 lypis

88 446 145 503 „iam
163 456 270 502 expressa
287 449 351 502 sunt,
377 458 435 505 quae
458 458 504 491 non
519 458 589 504 pauca
607 451 676 504 sunt,
702 444 806 491 tollantur
827 444 869 490 sed
884 457 944 507 cen-

87 526 227 584 „tinuentur,
250 530 319 585 utque
347 526 427 572 eadem
444 527 550 585 ratione,
577 540 620 586 qua
645 532 748 586 coeptum
771 528 815 572 iam
841 531 892 583 est,
915 538 944 570 ex

85 605 179 666 ,codice
195 619 245 651 meo
262 608 434 667 manuscripto,
459 623 524 668 qirern
542 609 647 655 secundis
665 611 724 654 curis
742 607 860 653 emendari
877 612 899 652 et
920 608 945 653 in

88 686 212 746 ,populicum
230 701 295 733 usum
311 688 426 748 suppleri,
442 702 574 750 responsum
592 692 734 749 exprimatur,
754 689 884 735 uitandam
901 690 944 734 ad-

89 770 226 828 ,ditamcnta
243 769 287 815 duo
304 770 424 815 admodum
439 771 589 828 necessaria,
618 770 733 817 decretum
753 771 876 828 Caesaris,
900 783 945 828 quo

87 850 225 910 ,Capitulum
241 849 498 908 susterrtarrdirrn[1narru
513 850 646 908 tenendum)
664 852 815 911 praescripsit,
832 856 854 897 et
870 851 945 896 docu-

88 935 199 990 „mcntum
215 944 258 990 qno
271 932 367 991 quinque
384 933 438 978 novi
455 930 591 991 Capitulares
608 932 717 977 nominati
739 936 804 989 sunt,
826 930 891 978 sirnul
907 936 945 990 ly-

92 1012 139 1072 ,pis
155 1013 331 1058 exscr·iliantur.“
342 1040 373 1048 —
384 1012 547 1059 Praelationem
565 1018 588 1059 et
603 1013 688 1059 titulum
705 1008 804 1073 Capitrdo
822 1013 946 1060 venerabili

90 1106 132 1139 suo
150 1094 242 1138 arbitrio
259 1092 364 1138 addenda
382 1092 493 1153 relinquo.
652 1143 656 1149 ,
958 1085 960 1089 ’

155 1174 221 1227 Quod
238 1173 361 1232 Capitulum
377 1174 506 1219 venerabile
524 1176 620 1234 optarit,
636 1180 660 1219 ut
674 1179 750 1219 volum
767 1188 780 1220 a
794 1174 884 1219 Vicario
901 1187 950 1233 gc-

94 1253 180 1310 norali,
198 1253 269 1299 libero
287 1254 374 1298 barone
391 1254 506 1300 Clemente
521 1254 784 1315 Dresia-Vischering,
809 1255 831 1301 in
848 1255 945 1301 concilio

93 1335 213 1393 Capilulari
238 1335 275 1379 dic
298 1334 326 1379 31
350 1335 445 1393 Augusti
472 1334 531 1379 1813
556 1334 623 1380 latum
644 1348 689 1379 uon
712 1335 867 1392 respicerem,
893 1333 945 1379 hnic

93 1421 168 1476 optato
188 1428 215 1460 co
235 1415 334 1461 strictius
350 1428 393 1475 ego
412 1415 594 1460 satisfaciendum
612 1415 718 1473 decrevi,
736 1428 780 1473 quo
797 1414 869 1473 magis
886 1414 946 1459 lraud

92 1495 162 1541 licere
179 1486 297 1555 existimo,
325 1497 444 1557 quidquam
460 1496 529 1542 inrito
547 1508 591 1552 ec,
614 1495 643 1541 ad
659 1509 724 1555 quem
746 1508 773 1540 ea
788 1507 825 1540 res
841 1496 945 1553 pertinet,

91 1577 216 1635 evulgare,
244 1576 304 1635 qnod
319 1578 379 1623 idem
396 1577 516 1623 manifesto
539 1582 561 1622 et
577 1590 623 1622 non
646 1577 695 1622 sine
713 1590 782 1622 causa
805 1577 827 1621 in
846 1577 944 1623 omniurn

91 1671 132 1703 ore
151 1671 203 1703 csse
220 1656 292 1712 nolit3
308 1670 382 1716 neque
398 1657 426 1701 ad
445 1657 598 1703 confirmanda
613 1662 745 1716 argumenta
761 1669 811 1701 mea
828 1661 881 1701 roto
898 1656 945 1714 illo,

92 1744 197 1796 (plantum
213 1737 302 1797 quidem
320 1737 392 1783 adhuc
409 1738 525 1795 intellexi,
551 1751 606 1795 opus
624 1742 664 1781 cst.
692 1764 722 1771 —
744 1736 777 1782 Ea
793 1738 859 1781 eliam
876 1751 945 1784 causa

95 1823 137 1874 est,
155 1832 194 1862 cur
210 1818 233 1862 in
248 1831 359 1876 responso
377 1833 389 1862 e
408 1833 444 1862 inc
463 1807 514 1862 dato
531 1818 584 1863 illud
598 1823 673 1863 uotum
689 1831 718 1862 ne
733 1819 846 1863 minimum
857 1818 947 1877 quidem

93 1901 233 1959 respiciatur.
266 1899 349 1955 Adeo,
373 1903 397 1944 ui
419 1899 501 1942 iamin
517 1898 610 1956 epistola
632 1899 661 1943 ad
678 1898 800 1957 Capitulum
817 1900 947 1945 venerabile

94 1982 131 2027 die
156 1982 186 2027 98
203 1981 258 2026 lirnii
280 1982 348 2025 inissa
365 1980 460 2038 scripsi,
486 1985 591 2038 excerpta
615 1979 653 2024 illa
675 1980 795 2026 Protocolli
819 1987 840 2026 et
861 1982 947 2026 litteras

94 2061 152 2107 ultro
169 2062 270 2121 citroque
286 2061 367 2106 missas
384 2072 471 2105 mecum
489 2061 651 2105 connmrnicata
664 2063 769 2122 evulgare
783 2063 852 2120 nolui,
869 2068 948 2122 quarnss

95 2143 130 2189 ris
146 2142 169 2188 id
187 2141 285 2187 disertirn
302 2141 356 2188 milri
371 2143 504 2202 permissum
519 2147 597 2201 esset,
621 2148 741 2204 propterea
766 2144 826 2205 quod
842 2144 886 2188 hoc
905 2143 949 2188 ali-

95 2224 139 2280 cui,
155 2223 184 2268 ad
196 2237 261 2282 quem
278 2237 359 2271 cares
375 2226 478 2285 pertinet,
494 2225 604 2284 ingratum
620 2224 726 2272 accidere
741 2230 832 2285 posset,
850 2229 872 2270 et
889 2237 949 2284 qrro-

95 2305 155 2349 niam
172 2303 245 2348 adhuc
262 2303 322 2350 nulla
337 2307 464 2352 necessitas
479 2305 534 2351 milri
548 2305 661 2363 inculnrit,
676 2310 700 2350 ut
715 2304 753 2350 illa
768 2304 871 2363 pullione
888 2306 950 2350 noii-

98 2386 143 2430 liae
160 2383 280 2428 traderem.
386 2381 388 2384 ’

161 2478 291 2522 llonasterii
307 2477 343 2521 die
361 2477 440 2525 llulii
458 2478 530 2522 tera:

755 2562 856 2629 Hennes.

146 2777 263 2824 Adversus
274 2774 384 2821 Henncsii
394 2785 514 2832 reponsum
529 2787 581 2819 mox
591 2774 677 2821 libellus
685 2775 712 2820 ab
730 2787 842 2833 anonymo
859 2779 952 2820 auctore

101 2860 174 2906 editus
191 2864 232 2916 est,
249 2858 285 2904 cui
301 2856 387 2901 titulus:
414 2853 529 2899 Historiae
545 2855 661 2901 enarratio
681 2860 754 2901 slatus
775 2856 883 2902 ecclcsiae
899 2856 952 2901 llo-

100 2941 256 2987 austeriencis.
288 2939 418 2985 Herrnesius
436 2935 552 2993 respondit
569 2938 633 2996 parvi
649 2937 744 2982 ambitus
759 2937 894 2995 scriptione,
917 2936 952 2981 cui

101 3034 197 3066 nomen:
213 3018 340 3076 Responsio
357 3016 388 3062 cd
403 3012 533 3059 {apstolicam
548 3015 714 3061 enarrationem
735 3016 868 3062 alericum-tt
885 3018 951 3063 1815.

102 3101 127 3147 ln
141 3101 248 3146 historica
265 3100 300 3144 illa
318 3097 462 3143 enarratione
485 3108 574 3153 operam
600 3096 680 3156 aliquis
701 3098 794 3143 dederat
820 3099 892 3158 [quod
910 3111 953 3157 qna

105 3186 212 3240 exparte
228 3186 333 3227 tentatum
347 3178 377 3227 ‘sit
394 3177 534 3225 nranifcstum
551 3183 605 3238 est),
620 3186 650 3239 ut,
667 3194 720 3226 cum
732 3180 803 3238 ipsum
821 3191 953 3240 responsum
