1979 3399
352 93 552 145 *eor*-

27 231 139 278 teehisnro
156 234 271 292 Romano,
291 238 392 295 utramvis
413 238 480 283 alio
497 236 526 282 pp
541 235 664 296 adprobato
682 237 705 280 et
722 233 825 279 omnihus
840 248 881 293 pa-

27 314 103 359 rochis
116 316 275 362 catholicorum
289 318 464 363 Christianorum
476 317 505 362 ad
519 332 581 364 usum
597 317 708 377 puhlicmn
728 317 751 361 in
771 315 882 362 tradenda

27 397 144 456 religionis
161 401 297 446 institutione
321 402 491 456 commendato,
514 400 629 445 doctrinas
645 398 782 443 acatholicae
797 399 883 454 inesse,

29 485 58 534 et,
80 482 99 524 si
117 481 223 526 lenonio
241 482 367 540 credimus,
390 483 514 541 Gregorius
531 482 579 525 hlll
602 482 624 524 in
646 480 713 525 Breri
739 493 780 525 suo
806 486 886 525 trorrtra

28 561 167 605 llerrnesinm
192 562 276 606 ernisso
299 563 357 607 hanc
386 562 510 607 doctrinam
533 561 662 605 catechismi
684 561 778 605 Romani
794 566 816 605 et
834 561 883 620 ipse

28 641 158 699 reprobavit
174 647 239 699 attpte
256 643 421 689 eondemnarit.

92 722 141 766 h'on
158 722 226 767 nrodo
243 727 294 767 ante
310 725 429 768 concilium
446 721 607 777 Tridentinrnn,
624 722 665 766 sed
683 723 748 765 ctiam
764 727 815 780 preest
829 735 883 780 per-

29 803 89 847 rnulti
107 803 214 862 theologi,
230 805 299 848 veluti
315 804 410 859 Estius,
428 803 561 856 Stuttlerus,
581 802 718 856 Zirrnnerus,
736 800 883 859 ildephonsus

30 883 184 937 Sclururz-ius,
203 883 374 943 Dehruapcrus,
395 886 514 943 episcopus
532 883 643 938 Friutius,
666 884 787 928 canonicus
804 883 885 942 Geipc-

29 977 78 1021 rus,
96 964 218 1022 llupetius,
242 962 391 1007 (lhertlutrius
414 969 530 1022 peecatum
550 962 660 1023 originale
678 964 701 1007 in
719 966 885 1022 concupiscen-

29 1046 59 1088 tia
75 1045 170 1102 positum
195 1043 391 1098 existimauerunt,
409 1042 511 1102 idemque
529 1043 582 1088 lecit
601 1041 699 1100 ultanus
717 1044 739 1086 in
756 1044 829 1100 lihro⁷
846 1045 885 1103 qui

29 1125 99 1182 ipsius
122 1135 192 1181 papae
217 1121 299 1166 Leonis
316 1122 355 1167 ΧΠ
372 1123 557 1181 adprobationem
574 1123 635 1167 tulit!
661 1124 688 1167 lli
705 1137 792 1180 onmes,
810 1125 830 1169 si
846 1138 886 1170 se-

29 1204 117 1261 tprinrur
135 1202 211 1248 theses
230 1202 390 1260 Colonienses‚
408 1204 533 1248 doctrinam
549 1204 697 1249 acatholicum
714 1205 846 1262 docuerunt,
863 1212 886 1251 et

31 1284 107 1328 clerici
129 1284 306 1329 archidioeeesis
332 1284 474 1328 Coloniensis
502 1284 645 1329 iureiurando
673 1284 731 1329 hanc
761 1286 885 1332 doctrinam

30 1370 135 1423 tanquam
152 1364 345 1409 condemnandam
361 1344 508 1424 agnoverunt.
540 1365 586 1410 lam
601 1377 663 1421 rere,
678 1365 698 1409 si
708 1365 816 1428 Perronio
832 1380 886 1412 ere·
916 1410 919 1418 ,

30 1447 110 1502 diulus,
128 1448 193 1490 etiarn
210 1444 332 1503 Gregorius
348 1444 397 1489 XVI
413 1445 454 1489 hos
470 1446 531 1490 viros
548 1445 714 1490 condemnavit.

91 1525 137 1572 Sed
164 1537 207 1584 (pro
233 1524 322 1569 tandem
339 1524 521 1580 devenissemus,
537 1526 556 1569 si
573 1538 650 1569 rerum
668 1531 735 1583 esset,
752 1527 813 1583 quod
830 1527 885 1572 Per-

30 1608 108 1651 runtus
124 1607 191 1662 dicit,
210 1607 232 1650 in
253 1606 352 1656 thesibus
375 1606 547 1651 Coloniensihus
564 1606 618 1650 nihil
635 1607 712 1650 inesse
729 1607 772 1650 nisi
788 1621 886 1653 aeeurn-

30 1692 74 1731 tarn
98 1689 262 1744 expositionem
287 1686 437 1730 doetrirrarunr
465 1699 478 1730 a
498 1699 584 1730 surnuro
608 1687 713 1744 pontifice
730 1688 752 1731 in
767 1687 885 1733 llermesio

31 1768 201 1811 ‹larnnatanun‘l
218 1766 303 1825 Quippe
319 1779 347 1810 eo
371 1766 557 1823 devenissemus⁷
574 1771 598 1809 ut
615 1766 699 1810 inimici
716 1768 828 1813 ecclesiae
846 1782 888 1814 ca-

29 1849 127 1892 tholicae
144 1847 244 1906 gaudere
261 1853 284 1891 et
299 1848 426 1904 exsultare,
441 1854 465 1892 ut
482 1849 548 1892 arnici
566 1849 613 1891 eius
631 1860 716 1891 sunnno
733 1848 811 1894 dolore
828 1850 888 1895 affici

33 1929 184 1988 cogerentur!
214 1928 258 1973 Sed
276 1930 329 1987 quid
345 1923 362 1972 s.
380 1935 444 1986 pater
462 1929 561 1973 dicturus
579 1935 621 1983 est,
638 1930 657 1973 si
672 1929 729 1972 haec
747 1943 759 1973 a
776 1930 886 1976 Perronie

34 2011 162 2055 asseverari
174 2008 305 2053 audirerit‘?
321 2009 376 2053 Num
390 2022 541 2053 consensurus
557 2015 597 2065 cst,
609 2010 667 2053 hanc
683 2010 811 2066 opinionem
827 2011 886 2055 hene

32 2091 146 2135 liin-datam
162 2104 180 2135 s.
199 2090 332 2148 A'rtpatstiui,
356 2103 374 2132 s.
393 2087 584 2146 Bataua-emmae,
611 2088 740 2132 catechismi
758 2089 885 2137 Renrunia

31 2187 56 2218 se
74 2171 244 2216 condemnatam
266 2169 338 2214 esse?
360 2169 476 2227 Nunrprarn
491 2168 514 2212 id
530 2170 663 2213 consentiet.
697 2169 719 2214 S.
736 2175 800 2226 pater
818 2170 885 2214 theo-

31 2254 97 2313 logus
114 2257 156 2308 est,
174 2251 263 2295 doctior
280 2256 302 2294 et
318 2250 439 2305 eruditior,
458 2260 522 2307 uuam
539 2253 563 2292 ut
580 2248 615 2292 rel
633 2260 674 2306 pro
692 2248 735 2294 hac
751 2264 790 2294 sua
808 2250 885 2310 digni-

31 2339 76 2380 tate
94 2332 227 2380 sententiam
244 2331 403 2376 tlarnnatoriam
422 2329 449 2373 de
468 2328 503 2373 his
521 2328 628 2373 doctrinis
644 2329 802 2388 proloquatur,
820 2346 885 2390 utram

29 2421 115 2460 utnon
132 2417 217 2472 pugnet
235 2412 343 2458 scientiae
361 2411 428 2456 annis
447 2409 555 2454 adversus
571 2422 625 2464 eos,
642 2411 679 2468 apri
696 2416 738 2455 tarn
758 2414 831 2471 ignari
847 2419 885 2458 aut

32 2500 75 2539 tarn
92 2499 225 2551 arrogantes
241 2493 292 2547 sint,
309 2496 333 2537 ut
350 2490 460 2535 eiusmodi
477 2491 591 2536 doctrinas
608 2505 648 2549 pro
665 2491 786 2537 haereticis
803 2507 886 2553 repro-

32 2576 90 2619 hcnt.
123 2573 190 2617 hlulto
212 2573 285 2616 nrinus
310 2586 406 2629 utiquam
423 2573 560 2627 conminuet,
582 2578 607 2616 ut
626 2586 669 2631 <pua
690 2578 755 2630 captu
772 2574 884 2620 ccclesiae.

31 2655 213 2714 reprobationem
228 2651 378 2709 proloquatur.
411 2652 495 2708 hnrno,
511 2664 621 2709 nunquam
633 2685 640 2708 ‚
654 2664 766 2709 nunquam
785 2666 802 2697 s.
822 2660 886 2713 pater

31 2736 142 2782 eiusmodi
159 2734 211 2793 quid
227 2732 408 2791 pronuntiaturus
426 2737 467 2789 est,
485 2733 559 2788 inuno,
575 2736 599 2775 ut
615 2732 700 2777 maiora
713 2733 820 2779 scandala
832 2736 884 2779 eri*

31 2827 112 2875 lentur,
129 2818 242 2862 infelicem
252 2827 342 2874 operam
352 2813 452 2857 Perrenii
464 2815 601 2859 cohihiturus
614 2818 654 2858 est.
681 2813 725 2860 Sed
737 2814 880 2860 nihilominus

30 2903 127 2962 gratiam
150 2898 236 2942 referre
257 2894 365 2940 Perronio
389 2893 514 2953 dehemus,
533 2899 648 2954 propterea
667 2895 727 2952 cprod
745 2899 813 2952 tauta7
838 2900 883 2941 tarn

32 2982 158 3031 ruanil'esta,
179 2984 223 3024 tarn
244 2981 308 3022 vasta
323 2975 442 3021 mendacia
469 2978 570 3022 cernulat.
608 2974 641 3019 Eo
659 2976 708 3032 ipso
726 2976 793 3019 nnrlto
810 2978 882 3021 rninus

21 3063 160 3124 ,perniciosa
182 3064 240 3106 sunt.
272 3056 412 3103 Mendacium
435 3059 494 3104 enirn
516 3064 567 3103 tunc
587 3056 737 3115 periculosum
756 3057 794 3113 tn,
818 3072 883 3104 error

32 3153 78 3192 tum
93 3144 241 3191 validissimas
257 3139 346 3185 radices
365 3139 425 3197 agit,
449 3142 468 3185 si
492 3138 631 3184 mendacium
655 3142 677 3182 et
700 3151 765 3183 error
786 3141 815 3184 ita
833 3154 882 3185 curn

32 3230 127 3274 veritate
144 3229 218 3272 iuncta
236 3228 300 3282 atcpre
323 3220 425 3279 copulata
441 3226 498 3278 sunt,
514 3225 536 3265 nt
553 3233 621 3265 verae
638 3224 660 3264 et
676 3222 780 3279 propriae
796 3222 881 3266 illorum
