1979 3399
388 73 426 107 ‘-
464 76 518 126 aaa
559 103 588 113 »κ

64 230 115 262 euni
131 217 230 274 iaciunt,
251 214 438 275 quemadmodum
451 230 468 262 a
491 215 589 261 lanseno
607 215 630 260 in
646 214 765 273 emarcuerit
780 215 918 275 deperiatlcoe

59 300 188 357 modernae,
207 296 333 343 llascicul.
350 311 372 358 p.
386 298 473 359 taesq.
491 298 666 343 demonstratum
686 301 726 343 est.

121 381 155 425 Ex
166 379 201 425 bis
219 380 321 426 oriiriibus
337 384 406 440 patet,
418 394 468 426 eam
485 380 621 440 opinionem,
635 379 741 424 mundum
754 392 766 423 a
784 378 827 425 deo
838 394 884 426 non
895 382 917 426 in
978 387 979 390 ’

63 477 124 509 snam
140 461 245 522 gloriam,
262 462 304 508 sed
320 461 369 506 sola
385 462 525 522 benignitate
542 465 641 506 creatum
658 474 718 518 esse⁷
736 466 788 506 ante
798 461 917 506 Lutberum
936 473 941 475 ’

61 549 136 588 natum
153 544 211 588 inter
226 542 347 603 theologos
361 541 486 588 catholicos
498 542 581 601 ubique
594 541 729 602 divulgatam
751 542 827 591 luisse.
849 544 918 590 lmmo

62 624 120 669 adeo
139 637 166 668 ea
184 636 236 668 sese
252 623 402 682 probaverat,
419 627 443 668 ut
459 624 507 682 ipse
524 622 672 667 catechismus
690 622 819 682 Roriaonus,
836 626 872 684 qui
889 640 918 671 ex

60 705 167 751 mandato
184 705 274 750 concilii
291 704 415 750 Tridentini
431 710 454 750 et
469 717 552 751 summa
568 704 683 765 diligentia
700 710 723 750 et
737 719 788 750 rara
805 708 916 751 sermonis

64 788 160 847 puritate
178 791 244 846 atque
261 785 374 846 elegantia
392 786 532 844 conscriptus
551 789 616 844 atque
634 798 646 829 a
663 786 701 831 Pio
713 786 742 831 lV
757 788 815 846 papa
831 787 919 846 publice

65 867 202 927 adprobatus
219 872 267 923 est,
288 872 312 911 ut
327 880 390 912 suam
407 864 538 925 adoptaret,
555 879 628 925 eoque
644 867 751 911 ommbus.
761 868 868 926 parochis
885 869 919 914 rei

64 948 204 994 Christianae
222 946 348 991 catholicae
365 946 545 1004 commendaret,
568 952 592 991 ut
608 945 667 992 banc
684 950 816 994 sententiam
833 950 856 994 in
872 955 920 995 tra·
966 954 971 1006 'v

66 1030 140 1076 denda
156 1029 272 1088 religionis
290 1027 393 1073 doctrina
411 1028 526 1072 docerent.
558 1026 583 1071 ln
601 1027 644 1072 boc
659 1029 728 1087 igitur
742 1033 861 1090 tantaeque
877 1044 920 1075 au-

67 1112 177 1157 ctoritatis
194 1110 251 1154 libro
268 1111 360 1170 legitur:
378 1109 447 1154 Calais
463 1109 498 1152 rei
513 1113 631 1164 (aeternae
648 1110 725 1155 salutis
737 1112 921 1171 ,comparandam

66 1191 177 1248 trrrprr'mis
186 1193 268 1235 'correo
283 1190 350 1235 bomo
368 1190 477 1245 conditus,
492 1193 557 1247 atque
575 1189 610 1234 ad.
621 1190 738 1249 irriopinern
755 1199 777 1238 et
791 1192 921 1238 etantant-

62 1286 112 1315 ncni
127 1271 163 1315 del
181 1274 273 1315 creatas
289 1268 355 1313 est-‘l
366 1272 384 1323 1]

112 1351 197 1397 ibidem
206 1350 356 1410 praecipitur:
374 1348 435 1407 „Sea
444 1350 497 1407 iam,
511 1350 571 1408 quod
582 1351 679 1395 omnium
687 1353 783 1397 niardme
795 1353 922 1401 faciendum

67 1439 108 1490 est,
125 1432 240 1477 docebunt
255 1429 357 1489 parochi⁷
378 1444 405 1475 ac
422 1430 471 1476 sine
488 1431 531 1476 ulla
549 1430 688 1477 dubitatione
710 1432 812 1480 fidelibus
826 1436 922 1492 tradent,

67 1516 111 1560 boe
138 1519 303 1559 sacramentum
326 1513 502 1572 (poenitentiae)
530 1527 543 1558 a
565 1514 652 1560 Christo
679 1515 789 1576 (loriano,
810 1520 848 1578 qui
864 1520 923 1564 beue

70 1597 144 1643 omma
163 1597 266 1641 etunius
283 1596 360 1640 salutis
377 1601 469 1640 nostrae
489 1609 558 1641 causa
576 1596 637 1655 iecit,
654 1597 683 1642 ob
700 1599 748 1644 eius
760 1613 867 1645 summam
880 1601 925 1647 bo-

70 1679 162 1723 nitatem
181 1681 204 1721 et
218 1678 400 1722 misericordiam
415 1679 540 1722 institutum
556 1685 633 1723 esse“.
643 1685 663 1737 ²)

131 1760 195 1804 ldem
212 1759 296 1804 docet:
315 1760 403 1815 „Deum
412 1761 498 1816 testari,
513 1759 611 1804 bominis
622 1773 690 1805 causa
705 1761 792 1817 11111111,
809 1775 925 1821 quaeeun-

72 1854 115 1899 que
131 1845 252 1898 procreata
269 1844 327 1896 sunt,
343 1852 368 1884 se
387 1839 494 1883 fecisse“.
506 1840 526 1893 ³)
727 1885 729 1887 ,

131 1920 194 1966 Idem
206 1920 273 1975 etiam
290 1922 373 1966 certius
392 1925 414 1964 et
429 1920 568 1965 manifestius
587 1920 667 1966 docet:
699 1922 792 1981 „Nerpie
807 1937 863 1969 uero
878 1922 923 1968 ulla

68 2000 111 2046 alia
128 2000 169 2046 suit
182 2013 259 2058 causa,
277 2014 334 2060 quae
349 2001 410 2046 illum
426 2000 516 2057 (deum)
534 2000 563 2045 ad
580 2015 636 2060 opus
656 2003 776 2048 creationis
793 2005 924 2063 impelleret,

69 2083 115 2127 nisi
130 2087 155 2127 ut
171 2081 248 2138 rebus,
265 2095 323 2141 quae
342 2081 369 2126 ab
386 2083 437 2140 ipso
454 2081 549 2126 allectae
568 2082 924 2136 153111111111111111111111111111-

73 2156 201 2222 pertireturss
231 2162 287 2208 Nam
303 2161 341 2206 dei
357 2166 452 2218 natura,
471 2160 520 2218 ipsa
535 2174 576 2219 per
593 2168 618 2206 s'e
633 2162 779 2221 beatissima,
793 2164 873 2210 millius
890 2159 924 2209 rei

30 2263 32 2265 ·
72 2245 180 2304 indigens
197 2247 283 2301 estem)

132 2324 279 2383 Temporibus
298 2324 385 2368 demum
403 2320 523 2367 concilium
538 2320 691 2367 Tridentinum
702 2325 785 2369 secutis
796 2324 880 2382 opinio,
896 2337 925 2369 ex

72 2397 116 2463 qua
133 2405 189 2449 deus
205 2404 311 2448 mundum
328 2403 352 2446 111
368 2414 431 2445 suam
447 2400 542 2459 gloriam
559 2401 652 2457 creavit,
667 2402 757 2459 plaeere
774 2403 857 2462 eoepit,
873 2417 923 2449 cum

71 2485 137 2542 aliis,
153 2489 200 2529 tum
217 2482 331 2541 theologis
346 2480 427 2535 multis,
443 2480 481 2536 qui
496 2479 584 2523 Caluini
600 2493 627 2524 ac
641 2480 731 2527 Lutberi
746 2482 826 2541 placita
841 2498 925 2544 sequc-
952 2543 954 2545 v

75 2568 163 2613 bantur.
196 2566 277 2612 Narrat
292 2561 430 2618 Lactantius
448 2559 508 2604 idem
525 2558 570 2605 hoe
586 2558 697 2619 placuisse
711 2561 844 2622 Epicureis,
859 2570 926 2624 atipie

74 2627 152 2693 Celsus
164 2646 209 2703 ille,
226 2641 412 2705 quemadmodum
426 2639 607 2698 semermium,
625 2654 654 2687 en
664 2645 780 2707 acerrimis
791 2659 847 2703 quos
862 2651 925 2691 aetas

74 2732 170 2788 unquam
186 2726 243 2772 uidit
259 2724 376 2770 doctrinae
391 2720 531 2766 Christianae
554 2720 706 2782 aduersariis,
733 2739 798 2785 quem
815 2725 926 2786 Origenes

75 2798 153 2855 sectae
168 2807 331 2866 Epicureorum
355 2802 467 2847 alumnum
492 2798 608 2863 designat,
631 2802 721 2850 multum
737 2818 821 2864 operae
838 2807 926 2866 impen-

77 2925 295 2944 ,φρ-...ό

160 3011 240 3048 Cateclu
258 3011 313 3047 Rom.
330 3008 420 3045 Prooeiu.
435 3011 513 3057 quaest,
530 3006 545 3041 1.

157 3081 240 3119 ibidem.
257 3081 301 3117 Pars
316 3080 340 3125 ll,
355 3091 397 3128 cap.
413 3079 437 3121 V,
454 3069 533 3127 quaest.
546 3075 577 3116 39,

158 3152 241 3190 Ibidem.
255 3153 300 3188 Pars
315 3151 352 3198 ill,
368 3163 410 3201 cap.
426 3150 461 3195 VI,
477 3154 554 3198 quaest.
569 3149 599 3187 15.

120 3225 142 3277 4)
157 3222 241 3262 Ibidem.
256 3223 300 3261 Pars
315 3222 331 3268 1,
343 3234 387 3272 cap.
404 3221 419 3267 1,
434 3224 512 3270 quaest.
528 3218 558 3259 15.
