1979 3399
380 76 582 128 -.-319-

49 220 84 261 tur
101 227 144 274 eo,
161 217 197 263 eui
212 218 299 264 servire
316 226 481 280 regnareest:
501 221 525 266 in
549 220 593 265 hoe
611 230 672 279 ‘ergo
694 217 782 278 proficit
800 217 911 277 serviem,

48 309 95 342 non
112 297 149 344 ide
166 300 203 345 oui
221 301 339 346 servituri

174 397 233 437 Sient
243 398 314 450 faetus
329 408 358 437 est
372 400 431 438 bomo
446 410 469 437 nt
488 401 576 439 serviret
589 400 642 447 deo,
665 403 696 440 sic
712 390 800 441 mundus

364 479 386 507 tet
405 470 495 507 serviret
510 469 594 509 bomini.

113 544 154 602 „Et
173 545 231 589 siout
246 544 318 589 faetus
338 532 373 589 est
390 545 457 590 homo
475 551 566 604 propter
585 546 658 605 deum,
676 546 700 591 id
716 550 764 610 est,
779 551 804 591 ut
819 547 841 590 ei
858 558 912 590 ser-

49 626 115 682 viret,
131 627 162 670 ita
178 624 273 670 mundus
287 626 359 670 faetus
376 631 410 671 est
425 632 515 686 propter
532 626 661 683 hominem⁷
677 627 765 671 scilieet
781 631 805 672 ut
821 626 843 671 ei
859 639 912 671 ser-

50 706 114 750 viret.
147 704 235 750 Positus
261 710 295 750 est
321 718 376 764 ergo
394 705 462 751 bomo
486 707 510 750 in
526 705 601 750 medio
616 710 641 751 ut
657 709 679 749 et
696 707 718 751 ei
734 708 873 764 serviretur,
889 711 913 752 et

50 786 99 844 ipse
115 777 218 845 serviret,
239 790 263 830 ut
276 786 389 845 acciperet
401 791 526 844 utriunque,
544 791 567 831 et
582 785 687 832 reflueret
702 791 772 832 totum
784 788 813 833 ad
828 788 916 834 bonum

51 867 158 923 hominis,
177 871 199 912 et
210 867 271 928 quod
288 868 370 927 accipit
387 868 527 926 obsequium,
547 871 569 913 et
584 867 644 926 quod
659 867 775 925 impendit.
806 869 838 914 lta
852 871 913 914 enirn

51 948 122 994 voluit
137 948 193 1010 deus
209 949 253 994 sibi
268 949 296 994 ab
307 948 398 994 bomine
414 948 504 1005 serviri,
523 952 589 992 ntea
605 949 712 992 servitute
728 960 775 992 non
792 948 854 1005 deus,
870 950 913 994 sed

51 1029 119 1075 homo
138 1028 243 1086 serviens
261 1029 389 1086 iuvaretur,
415 1033 438 1073 et
461 1029 532 1074 voluit
552 1032 576 1073 ut
593 1029 689 1073 mundus
707 1028 805 1073 serviret
823 1028 915 1084 homini,

52 1113 75 1154 et
94 1108 178 1154 exinde
194 1109 295 1154 similiter
311 1109 424 1154 iuvaretur
438 1108 515 1154 homo.
547 1110 626 1154 Totum
643 1120 699 1168 ergo
715 1108 799 1153 bonum
815 1107 913 1152 hominis

51 1193 113 1245 erat,
139 1193 162 1233 et
185 1188 246 1247 quod
267 1187 351 1233 factum
375 1193 410 1233 est
430 1189 621 1248 propteripsum,
639 1192 661 1232 et
678 1187 846 1246 propterquod
864 1189 912 1246 ipse

51 1268 124 1314 faetus
142 1272 183 1317 est.
217 1267 298 1312 Omnia
322 1267 381 1313 enim
408 1272 443 1324 (ut
457 1269 488 1313 ait
503 1268 630 1327 apostolus)
646 1271 725 1312 nostra
741 1273 805 1325 sunt,
826 1268 914 1314 scilicet

51 1334 169 1406 superiora
190 1351 212 1391 et
228 1346 332 1405 aequalia
347 1351 369 1392 et
380 1346 498 1392 inferiora.
530 1346 651 1405 Superiora
663 1346 753 1405 quidem
764 1354 842 1394 nostra
853 1354 912 1405 smrt,

51 1428 80 1473 ad
96 1427 269 1487 perfruendum:
288 1432 311 1473 ut
335 1427 402 1484 deus,
420 1428 515 1473 tritritas.
548 1428 673 1486 nequalia,
691 1427 720 1471 ad
736 1429 912 1486 convivendum,

50 1509 137 1555 seilicet
152 1508 234 1568 angeli.
269 1507 311 1561 Qui
327 1507 370 1553 etsi
391 1508 458 1553 nobis
483 1507 550 1553 modo
567 1509 697 1566 superiores
713 1508 774 1566 sint,
797 1510 821 1555 in
837 1509 912 1555 futuro

50 1594 115 1635 erunt
131 1582 253 1648 aequales5
278 1588 315 1647 qni
337 1592 359 1631 et
386 1587 453 1633 modo
470 1590 542 1635 nostri
558 1594 623 1635 sunt:
649 1590 700 1649 quia
718 1589 747 1635 ad
764 1601 828 1634 usum
844 1590 911 1634 nobis

50 1675 107 1727 sunt,
124 1671 183 1716 sieut
198 1682 236 1714 res
253 1668 394 1714 dominorum
407 1669 511 1719 dicuntur
528 1682 579 1716 esse
590 1669 729 1726 tornodorum,
753 1681 801 1714 non
818 1669 911 1727 domiui,

50 1751 93 1796 sed
110 1751 162 1809 quia
178 1755 229 1795 sunt
245 1749 274 1793 ad
289 1761 355 1794 usum
373 1762 452 1795 eorum
468 1750 555 1809 ipsique
573 1750 649 1809 angeli
663 1751 687 1795 in
704 1749 835 1810 quibusdam
851 1751 912 1794 seri-

49 1835 128 1890 pturae
146 1832 204 1875 loeis
221 1830 288 1875 nobis
306 1830 392 1876 servire
408 1830 523 1891 dicuntur,
550 1830 601 1876 dum
619 1836 711 1890 propter
729 1842 772 1875 nos
796 1831 820 1876 in
842 1830 912 1874 nimi-

49 1912 142 1958 sterium
158 1911 284 1955 inittuntur“
296 1912 327 1964 ¹).
382 1910 504 1969 Hucusque
522 1911 600 1956 Petrus
615 1909 763 1958 Lombardus.

111 2014 157 2059 Iam
179 2012 255 2071 (planti
269 2014 376 2058 momenti
394 2014 418 2058 in
433 2019 512 2059 nostra
530 2026 599 2058 causa
618 2018 647 2059 sit
661 2013 720 2058 bueo
735 2012 841 2071 diopistrt
856 2027 911 2058 sen.

48 2092 169 2138 tertiarum
186 2091 322 2151 amplissima
344 2105 371 2137 ae
393 2079 540 2152 sagacissima
562 2091 681 2151 disputatio
702 2093 826 2137 videamus.
859 2093 910 2137 Pri-

48 2187 108 2218 mum
124 2171 213 2230 quidem
230 2186 271 2230 per
293 2185 318 2217 se
335 2172 395 2217 lueet
412 2185 425 2216 a
441 2169 506 2218 Petro'
522 2172 649 2218 Lonibardo
668 2171 806 2217 subtilissimi
822 2172 908 2231 ingenii

47 2254 98 2297 viro
114 2256 183 2295 totam
201 2252 356 2308 quaestionem
373 2255 473 2308 nostram
488 2255 532 2294 tam
550 2257 656 2297 accurate
673 2265 726 2297 esse
743 2256 908 2310 pertractatam,

47 2333 126 2378 utrix
143 2331 263 2390 quidquam
280 2331 364 2377 addere
386 2331 504 2389 potuisset,
519 2332 539 2376 si
560 2331 606 2376 hoo
626 2331 671 2390 ipsi
692 2332 831 2390 propositum
849 2330 908 2375 suis-

48 2417 84 2459 set
104 2413 264 2457 Peironianam
289 2411 423 2456 sententiam
442 2410 532 2454 omnino
551 2409 676 2455 evertendi.
708 2409 852 2455 Acceditad
867 2424 908 2454 ra-

47 2492 132 2535 tionum
149 2491 238 2548 pondus
257 2494 302 2533 tum
319 2489 347 2532 ab
364 2482 493 2547 antiquitate
509 2493 554 2533 tum
572 2502 585 2533 a
601 2490 699 2548 posteris
715 2490 853 2548 temporibus
870 2490 907 2533 in-

49 2570 163 2616 credibilis
174 2569 303 2613 auotoritas.
335 2568 390 2612 Nam
402 2569 462 2612 inter
476 2580 523 2624 eos,
539 2569 576 2626 qui
592 2569 615 2613 in
631 2569 676 2614 hoo
687 2571 807 2614 litterarum
820 2582 905 2628 genere

48 2650 121 2696 studia
137 2662 177 2694 sua
194 2651 324 2707 posuerunt,
341 2651 429 2691 constat
443 2649 603 2692 sententiarum
615 2647 693 2693 librum
710 2661 756 2691 non
771 2661 801 2693 ex
813 2649 904 2707 ingenio

47 2729 106 2776 Petri
121 2727 241 2774 Loinbardi
258 2724 399 2785 profluxisse,
418 2725 459 2769 sed
476 2739 505 2770 ex
516 2731 644 2771 sanctornm
658 2731 745 2784 patrum
762 2728 850 2786 seriptis
867 2732 905 2772 to-

48 2813 92 2852 tum
110 2807 159 2852 fere
176 2819 228 2852 esse
244 2806 403 2863 depromptum.
436 2803 511 2849 Loeus
523 2811 596 2849 autern
614 2805 709 2863 insignis
725 2819 792 2864 supra
809 2809 904 2853 anobis

47 2888 153 2931 recitatus
171 2885 199 2930 ad
216 2885 309 2929 verbum
326 2896 355 2927 er
371 2895 398 2926 ea
416 2881 576 2928 dissertatIone
592 2881 716 2941 descriptus
732 2890 779 2941 est,
800 2898 858 2943 quae
875 2886 904 2931 de

47 2965 161 3023 diligendo
184 2963 314 3009 inscribitur
336 2966 402 3020 atque
425 2974 444 3005 s.
461 2963 587 3020 Augustino
612 2959 737 3008 addicitur
761 2965 823 3009 Libri
847 2980 903 3012 vero

56 3067 83 3072 ,,,
88 3066 187 3070 .“,.-,.
192 3067 197 3070 ,

90 3109 109 3161 1)
123 3109 215 3157 Magistri
235 3110 379 3147 sententiarum
394 3109 441 3147 libri
457 3111 489 3157 IV.
509 3109 571 3160 Lngd.
586 3108 643 3147 1594.
658 3111 702 3148 Lib.
715 3113 741 3158 ΙΙ,
758 3093 848 3155 distinct.
862 3118 870 3153 I
884 3131 914 3168 p„

126 3177 162 3214 121
179 3190 194 3214 s.
