1979 3399
427 93 671 143 maa-2

89 232 248 292 sermonlsque
264 230 385 276 Theodisci
402 235 466 275 usum
482 230 639 289 improbabat,
666 230 748 289 <puppe
770 244 815 290 qno
830 243 884 276 rasus
906 230 954 276 iin-

89 325 150 376 guae
167 315 244 360 stricte
260 312 403 371 theologicae
421 317 622 371 corrumperetnr.“

153 395 180 438 tn
197 407 241 452 quo
258 393 315 437 haec
332 395 460 451 pertineant
482 401 546 450 [nam
568 388 731 454 qtrid'valcant
754 391 783 436 ad
803 391 871 437 finem
887 405 953 452 quem

91 473 192 529 sequntur
210 472 339 530 Perronius,
356 477 408 531 post
424 473 512 524 deinum
528 473 671 534 apparebit),
698 472 813 516 aestimari
826 473 912 532 possit,
929 474 953 519 in

91 556 219 599 uniuersum
236 551 344 598 nonnulla
359 554 530 613 praemonenda
547 558 606 600 srrnt.

151 633 172 677 A
187 634 265 692 primis
283 627 425 680 Christianae
440 635 558 681 doetrinae
582 633 720 693 temporibus
745 633 767 678 in
785 631 883 677 ecelesia
901 631 954 676 iue-

88 718 148 771 runt,
165 727 260 773 quorum
276 715 341 760 alteri
358 716 449 761 doctam
470 716 623 775 cognitionem
640 720 662 759 et
679 714 893 759 demonstrationem
910 713 951 757 do-

88 801 187 854 gmatum
206 795 383 841 Clnistianorum
406 809 463 853 opus
479 809 532 841 esse
549 801 571 839 et
587 794 698 839 interdum
716 794 782 853 plane
796 792 952 838 neeessariam

89 875 259 932 existimarent,
272 874 347 920 alteri
370 875 430 919 vitae
446 889 509 921 usum
524 876 590 920 unice
607 879 736 933 spectantes
754 873 844 918 doctam
860 873 952 917 theolo-

88 955 142 1013 giae
158 956 314 1000 tractationem
331 960 353 1000 et
370 955 534 1014 philosophiam
550 968 596 1000 non
613 954 684 1000 sohnn
699 959 881 1012 contemnerent,
909 953 951 999 sed

90 1035 157 1080 etiam
174 1037 324 1094 periculosam
342 1049 394 1081 esse
413 1036 584 1082 contenderent.
631 1036 764 1082 Nitebamur
779 1034 802 1079 hi
824 1035 900 1080 uerbis
922 1035 952 1080 il-

88 1117 115 1162 lis
132 1117 218 1162 lesaiae
234 1130 303 1176 prave
320 1117 454 1163 intellectis:
473 1118 529 1176 ,nisi
546 1116 687 1173 eredideriS,
712 1129 759 1161 non
775 1115 900 1176 intelligesl
915 1122 951 1172 ῆς

87 1210 157 1256 porro
174 1197 293 1254 dicebant,
307 1211 381 1256 neque
397 1198 517 1257 prophetas
535 1211 610 1256 necpre
627 1197 742 1257 apostolos
757 1198 830 1246 tuisse
848 1196 952 1256 philoso-

88 1278 155 1336 phos,
173 1282 197 1323 et
217 1282 292 1323 tamen
310 1277 338 1322 ab
355 1278 390 1323 his
406 1277 512 1324 nurndum
528 1278 645 1336 Evangelii
661 1279 744 1323 lorraine
762 1291 813 1323 esse
831 1278 952 1328 collustra-

88 1365 133 1404 tum
158 1364 180 1404 et
205 1359 227 1402 in
249 1359 328 1403 melius
354 1373 507 1415 canuersum3
534 1362 630 1405 scientia
652 1361 696 1404 uinr
719 1359 816 1404 diuinam
839 1360 952 1418 dogmatis
980 1380 989 1398 ι

87 1442 197 1484 attenuari
206 1455 214 1506 ξ
229 1440 345 1498 apostolos
361 1440 439 1498 spiritu
458 1446 537 1486 sancto
548 1441 647 1498 repletos
664 1445 724 1485 tanta
735 1441 874 1498 pe1·lecisse;
890 1441 950 1484 lrnne

85 1520 154 1580 igitur
170 1508 238 1565 unice
257 1521 383 1580 rogandum
402 1534 467 1578 esse,
487 1521 612 1567 doctrinam
629 1535 675 1566 non
692 1521 812 1580 petendam
829 1535 897 1579 esse,
921 1535 952 1566 ne

86 1602 119 1646 sic
130 1602 312 1658 ostenderemus,
330 1602 411 1647 deesse
429 1603 494 1647 nobis
510 1603 579 1647 divini
596 1602 685 1660 spiritus
696 1602 802 1647 albatum.
817 1630 848 1637 —
865 1603 951 1656 Quaem-

87 1683 123 1726 ris
141 1684 179 1741 qui
196 1682 254 1726 haee
271 1684 380 1727 sentirent
396 1682 882 1748 exernplisApologetarumClnistianonnn,
898 1684 951 1728 rel-

86 1764 119 1806 ati
134 1761 220 1818 tustini,
239 1762 341 1819 datiani,
358 1761 535 1821 Athenagorae,
551 1762 683 1820 Theophili,
699 1762 841 1820 Tertulliani,
859 1763 950 1809 hlinucii

86 1841 178 1898 Felicis,
194 1841 298 1899 Arnobh,
314 1842 350 1900 gui
367 1841 484 1887 doetrinae
501 1846 523 1887 et
538 1841 691 1901 philosophiae
702 1844 769 1888 armis
781 1848 894 1890 certamen
905 1843 949 1889 ad-

87 1922 168 1968 rersns
185 1922 282 1983 gentiles
297 1922 419 1967 fortissime
436 1921 610 1979 felicissimeque
627 1922 805 1980 sustinuerant,
822 1923 950 1983 redargue-

87 2009 179 2058 rentur,
200 2004 301 2063 quamuis
318 2002 421 2048 Clemens
436 2002 620 2060 Alexandrinus,
643 2003 766 2063 Gregorius
777 2004 949 2061 ¹Nazianzenus,

85 2086 243 2143 Hieronymus,
261 2084 407 2143 Augustinus,
423 2082 610 2143 chrysostomus⁷
626 2069 662 2129 dlii
679 2085 739 2129 omni
757 2098 797 2131 sua
815 2080 963 2131 auctoritate

87 2171 109 2210 et
125 2170 308 2225 argumentorum
331 2165 432 2223 porrdere
449 2166 507 2210 hano
526 2166 655 2224 opinionem
673 2171 844 2226 oppugnarent,
869 2167 949 2211 eadem

87 2252 162 2291 tamen
181 2247 204 2290 in
221 2246 337 2290 ordinibus
353 2246 487 2292 clericorum
506 2245 640 2292 defensores
651 2259 705 2292 suos
719 2260 808 2306 semper
824 2252 890 2293 nacta
907 2254 949 2293 cst.

87 2327 168 2371 Partim
186 2325 238 2369 illud
256 2325 335 2380 molle,
354 2330 485 2369 enarratum
503 2331 569 2382 atque
587 2326 717 2385 languidum
734 2327 794 2385 quod
810 2328 833 2370 in
851 2328 948 2372 omnium

89 2405 138 2451 lere
156 2406 237 2449 arairnis
253 2407 319 2461 inest,
336 2405 416 2463 partim
429 2410 532 2463 peccata,
548 2419 605 2462 qtrae
619 2406 783 2464 philosophiam
800 2410 822 2449 et
830 2408 948 2452 seientiam

88 2485 185 2544 amplexi
203 2483 356 2540 adrmttercnt,
373 2482 489 2539 lecerunt,
507 2489 531 2528 ut
546 2485 633 2542 plurimi
652 2469 730 2532 contra
747 2486 871 2532 doctrinam
887 2488 949 2532 nite-

87 2573 166 2614 rentur
185 2572 207 2611 et
225 2566 261 2610 illa
277 2565 334 2611 ratio
353 2565 488 2609 consisteret
505 2570 527 2609 et
542 2572 690 2624 perunaneret.
723 2567 869 2628 Argnnrenta,
890 2581 948 2627 quae

87 2648 152 2694 afferi
174 2651 269 2707 possunt
285 2652 307 2691 et
325 2645 353 2690 ad
368 2644 526 2691 uindicandam
542 2651 564 2691 et
581 2646 610 2691 ad
626 2648 791 2707 reprobandam
805 2649 864 2693 liano
875 2651 949 2693 ratio-

86 2744 138 2775 nem
149 2728 252 2787 exposita
267 2727 361 2785 legimus
376 2725 399 2770 in
416 2738 485 2784 opere
499 2725 627 2785 hlabillonii,
644 2729 704 2788 quod
713 2728 842 2774 doctissime
859 2730 949 2788 scripsit

87 2810 114 2855 de
130 2809 212 2854 stu-diis
230 2806 361 2853 traorrosticis
371 2811 400 2862 ²),

133 3016 152 3067 1)
169 3016 315 3054 Cs.hlurntorii
332 3026 415 3051 atrreurn
429 3010 503 3048 librum
520 3010 545 3048 de
560 3014 687 3062 ingeniorum
703 3012 848 3057 moderatione,
865 3019 885 3050 et
901 3013 949 3064 qni-

168 3084 211 3122 ‹lem
225 3098 267 3135 rap.
285 3087 307 3120 V.
324 3085 359 3121 irbi
376 3082 491 3120 acutissime
507 3093 571 3117 ueram
586 3083 645 3119 huius
659 3082 707 3120 dicti
722 3083 760 3119 uim
777 3083 891 3133 explicarit.

131 3153 154 3206 Q)
168 3154 209 3204 Qui
223 3155 276 3192 hunc
291 3155 375 3201 librom,
392 3154 426 3205 qni
445 3158 475 3189 est
492 3150 516 3188 de
531 3151 605 3190 studiis
620 3155 755 3201 Monasdcis,
771 3154 849 3203 legerit,
863 3154 948 3204 anrplins

166 3223 222 3276 qnod
235 3223 335 3264 desideret
349 3226 402 3262 nihil
419 3225 468 3262 erit.
483 3223 569 3261 Videtur
584 3230 650 3262 auten]
665 3223 949 3276 ArchiepiscoposColonien-
