1979 3399
359 82 561 134 —905—

28 227 82 269 aral.
115 221 169 266 Nam
187 221 221 266 liis
238 222 346 282 conligit,
373 228 397 267 ul
420 223 530 268 amliloria
550 235 589 266 sua
607 220 747 280 srequenlius
764 218 886 276 adirenlnr,

29 317 93 365 quam
112 302 358 348 Wimlisehmariniana.
400 303 517 348 Eiusmodi
541 303 668 347 infortuniis
690 301 791 359 pluribus
814 299 888 343 modis

29 396 150 430 occurrere
168 387 261 428 oonatns
278 388 319 427 est.
345 384 390 428 Eos
406 383 508 441 singulos
520 396 652 427 enumerare
669 395 715 427 non
732 382 818 438 allinel,
830 393 888 425 unus

30 470 102 510 lamen
121 476 197 516 eorum
215 467 293 507 nalum
310 469 358 507 erat
374 464 405 508 ita
417 468 566 519 comparatus
582 468 606 508 ut
622 478 671 509 eum
687 463 733 508 hoo
749 463 801 507 looo
816 462 889 506 silen-

30 545 61 589 lio
75 542 255 601 praelormiltere
276 555 322 586 non
337 542 433 599 placeat.
466 540 557 586 Scilicet
574 545 674 601 lentavit,
691 545 710 588 si
726 544 817 589 efficere
832 555 890 602 pos-

32 628 81 678 set7
103 627 127 666 nl
142 612 218 666 andini
234 621 417 680 philosophorum
435 621 537 667 custodia
549 624 663 668 rariorum
676 624 831 683 philosophiae
850 638 891 682 sp-

32 708 148 749 slemalum
164 701 263 760 legitime
282 701 459 758 concederetur7
483 705 507 745 ul
525 701 577 745 dein
592 715 657 748 nemo
681 703 708 747 ad
728 704 890 762 philosophiam

34 781 160 828 docendam
177 779 345 835 admillerelur,
371 781 407 839 qui
423 784 523 838 spsiema
542 782 603 838 quod
618 795 665 827 non
682 783 782 840 placeret
797 783 892 840 prolite—

33 869 101 908 rehu,
133 862 183 905 lloo
200 859 317 905 eonsilium
336 862 401 905 nimis
417 864 571 918 pori-enlosum
589 863 636 918 luit,
653 875 717 920 quam
737 868 760 907 ut
777 863 891 907 incassum

36 957 81 989 non
99 943 296 999 irel‚p1·aeserlim
320 943 339 986 si
357 943 527 1000 iocogilenrus,
549 943 657 988 aProloo
675 942 831 1001 philosophico
848 947 893 986 iam

36 1022 150 1076 ululabili,
173 1022 200 1066 ah
224 1023 317 1081 ingenio
336 1027 380 1066 tam
397 1027 493 1066 ronloso
515 1023 626 1081 originem
650 1023 740 1067 [luxisse
763 1027 785 1066 ei
806 1022 894 1066 abhoc

34 1103 154 1164 praecipue
179 1101 200 1145 in
218 1103 284 1146 viram
302 1102 458 1146 adducendum
475 1102 552 1148 luisse.
595 1103 743 1146 Nihilominus
760 1100 895 1146 Windisoh-

34 1195 129 1227 mannus
146 1195 217 1240 nsque
240 1182 268 1226 ad
285 1182 351 1225 linem
370 1182 429 1226 ritae
447 1181 490 1225 hao
514 1182 550 1226 ria
568 1182 707 1226 contendere
726 1181 831 1240 perrexit.
870 1179 895 1224 ld

35 1275 77 1307 nos
100 1263 241 1312 manifestum
261 1262 370 1305 faciemus
387 1261 518 1318 colloquio,
544 1262 604 1320 quod
628 1261 706 1306 hahuit
730 1276 779 1307 oum
795 1263 896 1307 Dooloro

41 1341 185 1395 l'ollnrana'0‚
204 1355 253 1386 cum
266 1342 292 1396 is,
305 1347 421 1400 postquam
433 1343 580 1386 Vralislariao
592 1355 640 1386 cum
655 1342 721 1385 laurle
732 1340 895 1400 philosophiam

36 1422 151 1480 professus
169 1426 229 1478 orat,
257 1435 276 1466 a.
298 1422 355 1466 raah
383 1423 405 1465 in
426 1422 505 1465 ordino
527 1421 709 1480 philosophorum
725 1422 832 1479 priralim
851 1420 896 1465 [lo-

39 1502 105 1546 oentli
126 1502 252 1546 laoullalem
268 1502 387 1559 impehare
404 1502 484 1558 uellet,
511 1503 555 1546 huo
577 1503 732 1560 transscripta.
765 1502 895 1546 Assevera-

37 1589 81 1627 lum
98 1583 165 1626 nohis
182 1586 222 1637 ost,
240 1581 375 1639 colloquium
393 1582 441 1626 lere
460 1582 486 1627 ad
506 1583 599 1628 uerbum
619 1584 651 1628 sio
668 1582 766 1628 habitum
784 1595 843 1638 esso,
858 1581 895 1626 id-

38 1676 80 1720 que
98 1675 176 1706 rarum
193 1674 244 1705 osso
263 1672 290 1704 eo
307 1663 379 1720 magis
394 1661 508 1706 consulere
524 1676 658 1720 possumus,
686 1677 735 1708 cum
755 1662 810 1707 alias
827 1662 894 1706 eliam

38 1745 139 1787 raliones
155 1743 177 1786 in
193 1746 296 1800 prompiu
311 1740 442 1798 habeamus,
459 1742 539 1799 quihus
550 1747 705 1801 argumenlnm
721 1741 832 1787 sermonis
843 1753 897 1784 oer-

40 1824 122 1868 lissimo
139 1822 230 1882 probari
247 1822 325 1881 possit.

133 1976 195 2034 „h'on
208 1976 365 2031 commistam&
383 1974 596 2020 winniscmnamms
608 1976 668 2031 amn,
685 1981 722 2032 „ul
737 1981 761 2020 lu
771 1977 808 2020 hio
825 1975 896 2020 scho-

131 2055 164 2100 las
181 2054 280 2109 lrabeas;
296 2054 378 2098 'omnia
396 2054 485 2108 l'aoiam,
501 2061 524 2098 nt
542 2060 562 2098 le
577 2055 717 2110 prohibeam.
753 2055 896 2111 Philosophia

135 2140 171 2180 ina
189 2135 280 2179 omnino
298 2133 399 2178 subsislil
415 2134 438 2177 in
454 2133 527 2177 infima
541 2132 714 2191 philosophandi
727 2135 820 2190 ratione⁷
838 2147 895 2192 (puae

132 2214 271 2258 resseolenrlo
290 2204 413 2268 oonfieilim
430 2225 486 2270 quae
506 2213 607 2256 altiorem
625 2227 780 2273 quamcunque
803 2219 825 2258 oi-
840 2226 896 2258 vere

135 2293 294 2353 speculalivam
305 2291 478 2350 philosophandi
494 2292 552 2336 riam
560 2305 601 2350 pro
612 2305 690 2337 errore
699 2293 798 2340 lanatico
813 2301 836 2339 et
845 2308 897 2353 mp-

133 2374 233 2419 slioismo
249 2372 316 2415 hahet
330 2376 351 2415 et
367 2371 498 2415 contemnit..
520 2371 542 2416 Si
553 2370 676 2417 lianlianus
690 2374 779 2431 quidam
797 2375 897 2434 quamvis

134 2455 273 2498 inueleralus
283 2456 320 2496 ani
332 2450 387 2496 alius
404 2452 452 2509 quis
465 2450 522 2510 apud
533 2464 575 2497 nos
585 2451 667 2497 dooere
677 2453 737 2511 velit,
753 2455 807 2500 nihil
818 2461 896 2501 eonlra

114 2581 116 2584 ,
136 2532 226 2577 moliar:
239 2530 457 2589 sedphilosoplriam,
467 2545 531 2588 quam
542 2537 565 2576 tu
576 2533 687 2589 profiteris
699 2533 896 2592 [herriiesianam),

136 2626 181 2658 non
193 2612 285 2670 amplius
297 2613 356 2656 inula
366 2625 402 2657 me
419 2612 529 2657 loloralro.
553 2613 589 2657 Bis
601 2613 660 2659 hano
669 2614 832 2673 philosophiam
843 2616 896 2660 mihi

136 2694 283 2748 inlrnserunl;
299 2691 399 2735 Erraras
413 2690 586 2736 elEloeoiolrius
598 2692 634 2737 hio
645 2693 775 2749 docuerunt,
791 2696 833 2740 sed
848 2700 898 2739 ier-

136 2775 168 2819 tia
182 2774 239 2818 vioe.
255 2806 279 2816 ..
298 2805 303 2815 .
321 2806 327 2816 .
342 2772 375 2817 Ne
387 2770 448 2817 laiso
467 2773 563 2831 accipias
580 2786 636 2830 qnae
656 2773 714 2828 ilico,
731 2774 829 2820 salinam
846 2778 899 2820 nul-

137 2854 180 2900 lam
197 2865 240 2911 ego
267 2850 305 2895 libi
323 2850 394 2895 l'orlio.
426 2850 511 2907 Virles7
536 2866 571 2895 mo
593 2856 667 2908 aperie
686 2865 762 2909 agero.
795 2856 844 2898 Non
861 2856 899 2899 lo-

141 2947 197 2993 quor
214 2933 241 2977 de
260 2929 374 2989 lheologia
392 2935 444 2974 lna:
468 2944 525 2990 papa
549 2945 597 2974 eam
615 2930 784 2976 commmunia
810 2941 897 2996 [pugno

138 3027 230 3062 mensae
247 3011 342 3056 tabulam
359 3010 506 3069 percipiens).
536 3009 688 3070 „Audivistine
705 3012 771 3057 eliam
788 3014 846 3073 apud
863 3031 899 3062 me

140 3091 335 3156 praeleclloncs'?“
374 3090 485 3149 Respons.
509 3089 619 3147 „Andium
649 3089 738 3136 alonrine'
761 3094 899 3151 professorss

142 3173 298 3236 „Quasnamre
339 3170 450 3230 Respons.
475 3169 653 3230 „Philosophicas
679 3183 772 3228 omnes,
795 3182 900 3235 quamam
