1979 3399
418 115 620 163 —aaa-

88 268 142 301 esse
159 256 229 302 virum
246 254 305 300 illum
317 254 493 307 ¹sanctissimum.
516 253 561 302 Sed
571 254 642 300 fortes
659 266 705 298 non
721 258 786 300 erant
801 254 885 312 animo,
902 267 946 299 na-

88 342 138 382 tura
145 336 201 395 lapsi
210 340 260 381 sunt
272 340 294 379 et
304 330 376 394 primo
387 335 468 381 timore
482 335 533 380 huic
544 336 668 381 sententiae
675 337 812 381 necessitate
822 350 945 395 expressae

89 420 275 478 subscripserunt.
298 418 348 478 lpse
363 418 452 478 legatus
467 431 550 479 papae,
572 417 698 463 Vincentius
708 418 801 476 Capenae
817 417 946 475 episcopus,

91 507 190 547 trernens
204 501 342 560 subscripsit.
374 501 406 546 lta
422 501 468 547 boc
483 505 542 546 metu
558 500 633 560 lapsus
650 505 685 545 est
700 502 752 558 uir,
778 500 806 545 de
823 513 867 560 spuo
884 512 947 544 siun-

88 597 137 630 mus
152 584 252 643 pontifex
266 581 370 627 Liberius
388 583 490 642 scripsit,
513 595 564 628 sese
583 582 634 627 huic
649 582 743 641 egregie
759 581 856 627 fidisse.
876 617 882 626 .
901 617 906 626 .
925 585 947 625 et

90 663 226 721 credidisse,
237 663 288 722 fore
303 668 329 709 ut
342 668 412 709 toturn
427 664 566 723 cuccumellum
582 662 611 708 ab
628 676 654 708 eo
670 663 866 723 describeretur-1).
886 662 947 708 [laris

90 743 242 789 tairtmmnodo
259 748 320 790 metu
337 744 474 804 frauginon
491 744 578 803 potuit,
604 743 714 789 Paulirurs
732 745 851 803 episcopus
866 743 948 788 Treui·

90 825 179 880 rensis,·
200 839 248 870 noir
263 825 397 885 subscripsit
422 840 449 871 ac
465 827 538 885 potius
557 826 580 871 in
602 826 682 872 exsilio
705 827 764 871 latire
780 828 855 885 perire
871 826 947 870 volun.

90 907 175 952 Rursus
195 907 270 966 plures
294 921 359 968 quiam
383 909 479 952 trecenti
501 907 602 967 episcopi
621 908 643 952 iu
668 909 757 967 synodo
774 907 947 961 Mediolanensi,

92 987 172 1047 partim
195 989 267 1047 primo
289 989 369 1046 partim
387 987 457 1034 altero
474 992 534 1032 metu
550 989 663 1046 permoti,
688 1003 701 1034 a
723 1003 816 1034 munere
833 986 913 1048 depelli
929 998 948 1032 s.

93 1069 240 1116 Athanasium
258 1070 385 1116 nourinibus
409 1070 540 1129 subscriptis
563 1070 643 1129 trepidi
669 1074 735 1130 atque
753 1071 872 1116 horrentes
891 1080 950 1113 con-

95 1147 228 1197 senserunt!
261 1151 408 1198 Nihilominus
431 1152 506 1197 omnia
530 1150 586 1197 salsa
608 1156 672 1197 eraut
689 1157 712 1196 et
732 1152 827 1198 veritate
844 1151 949 1197 destituta

96 1233 175 1292 quibus
200 1232 387 1279 subscribebant!
426 1231 511 1278 Rursus
535 1233 558 1277 in
581 1232 669 1291 synodo
693 1232 832 1278 Ariminensi
849 1232 951 1292 episcopi

95 1314 166 1373 probe
182 1314 287 1359 catholici
303 1327 374 1373 usque
390 1314 448 1359 adeo
466 1316 521 1359 moti
539 1320 603 1371 sinit,
624 1319 647 1359 ut
661 1315 810 1374 Hieronymus
829 1315 950 1359 exclamet:

95 1395 219 1455 ,Ingemuit
232 1399 291 1440 totus
310 1395 372 1440 orbis
390 1399 412 1439 et
427 1395 534 1440 Ariamrm
551 1408 577 1440 se
593 1409 645 1440 esse
661 1397 752 1441 miratus
769 1396 829 1441 estl‘
840 1401 869 1453 ²).
893 1378 950 1440 Fere

97 1492 176 1525 omnes
202 1477 302 1537 episcopi
323 1477 460 1523 Graecorum
486 1462 632 1521 Conistuntino
659 1476 800 1536 Capronpma
827 1477 952 1537 imperante

98 1560 221 1619 tyrannicis
240 1563 263 1603 et
284 1557 417 1603 acatholicis
439 1556 537 1602 decretis
561 1557 626 1603 liuius
645 1557 788 1616 imperatoris
812 1572 864 1604 sese
887 1557 955 1616 plane

99 1642 244 1687 subiecerunt
265 1644 288 1685 ct
312 1639 371 1684 hsrnc
396 1643 501 1698 tanquam
522 1651 604 1684 riorum
629 1640 754 1698 apostolum
779 1639 956 1685 celebraverunt.

99 1723 179 1781 Longa
200 1721 271 1766 series
289 1722 446 1780 cpiscoporum
472 1721 594 1765 sententias
614 1722 772 1766 iniustissimas
789 1720 897 1766 aduersus
914 1732 957 1764 ue-

100 1803 224 1848 nerabilem
246 1802 395 1861 patriarcham
411 1801 522 1859 Ipnutinrn
544 1803 670 1847 rioiriinibus
688 1803 818 1862 subscriptis
834 1802 956 1847 confirma-

102 1883 140 1927 vit.
174 1883 219 1927 lain
237 1888 290 1941 quot
305 1883 372 1942 Lapsi
391 1888 450 1928 tractu
476 1875 502 1927 etv
518 1887 607 1927 terrore
627 1883 683 1941 lapsi
701 1888 766 1940 srrnt,
791 1888 814 1928 ct
843 1883 957 1942 qrrorncdo

103 1964 199 2023 apostoli
215 1978 229 2010 a
251 1965 274 2009 ui
290 1969 312 2010 et
328 1967 387 2008 metu
402 1976 427 2008 se
438 1963 565 2022 permoveri
580 1964 641 2021 passi
657 1969 714 2022 sunt,
729 1964 759 2008 ita
775 1967 799 2008 ut
815 1963 863 2022 ipse
881 1976 899 2008 s.
912 1963 957 2007 Pe-

104 2035 165 2102 trus,
182 2058 223 2103 pro
240 2057 284 2104 quio
303 2044 405 2090 dominus
421 2045 524 2104 rogavit,
542 2042 592 2089 alain
614 2042 742 2103 redemptor
757 2044 786 2089 ad
802 2045 899 2091 iudicem
915 2043 957 2089 ad-

104 2125 183 2169 ductus
199 2126 247 2178 est,
263 2135 288 2167 se
305 2125 327 2169 in
342 2122 416 2168 locum
433 2122 564 2168 calefactum
581 2123 694 2181 reciperet
709 2128 731 2168 et
748 2152 777 2160 -
795 2124 908 2171 dorninum
925 2130 959 2170 ter

105 2205 237 2264 abnegaret,
253 2232 282 2239 —
298 2203 349 2248 dmn
364 2201 436 2261 gallus
453 2202 559 2247 caneret!
582 2203 624 2259 Ha,
640 2203 667 2247 is¹
678 2202 750 2261 gallus
767 2204 790 2248 in
806 2210 898 2263 pectore
915 2218 957 2249 cu-

105 2287 184 2344 iusque
200 2284 297 2330 hominis
313 2284 385 2339 canit;
408 2283 461 2328 licet
483 2282 547 2327 tarda
566 2283 662 2341 ancilia,
683 2283 720 2329 illa
745 2297 850 2330 sensnum
868 2283 958 2343 crrprido,

107 2366 160 2410 huic
173 2365 234 2425 gallo
251 2378 332 2410 vocem
347 2364 465 2409 recludere
483 2370 596 2422 conetur,
621 2379 691 2424 usque
710 2370 784 2428 tamen
801 2380 881 2411 vocem
897 2379 960 2411 suam

108 2448 182 2491 denum
198 2434 288 2491 attollit!
330 2445 394 2488 Haud
410 2444 477 2502 dubie
493 2446 559 2489 ctiam
574 2445 654 2489 inillis
671 2458 742 2504 usque
760 2429 833 2492 ticiano
852 2448 958 2506 cantabit,

108 2528 199 2584 donec,
217 2530 241 2571 ut
256 2526 279 2570 in
297 2524 380 2580 Petro,
405 2524 509 2567 lacrimas
526 2528 548 2567 ct
563 2524 721 2582 poenitentiam
739 2527 768 2572 ob
783 2530 900 2575 vernusia
917 2530 960 2574 ab-

107 2614 212 2671 negatam
228 2606 324 2663 excitet,
341 2605 396 2651 deus
414 2604 482 2661 laxit,
497 2608 520 2648 ut
535 2618 588 2650 mm
602 2605 674 2664 liat3).

204 2716 266 2774 „Non
281 2714 310 2759 sit
325 2727 369 2773 pax
385 2718 422 2758 lua
438 2714 460 2756 in
474 2725 513 2756 ore
530 2714 649 2759 hominum.
690 2716 741 2762 Sive
759 2716 817 2760 enim
839 2716 897 2760 bene
913 2716 961 2761 sive

201 2798 259 2842 male
275 2796 414 2856 interpretati
431 2795 529 2851 iruerint,
550 2809 595 2841 non
621 2809 646 2841 cs
662 2795 714 2853 idco
735 2796 790 2840 alter
810 2796 884 2842 ironm.
919 2797 961 2842 Ubi

203 2884 237 2924 est
251 2891 307 2923 uera
320 2891 365 2937 pax
382 2883 404 2922 ct
417 2891 472 2922 vcra
488 2876 578 2936 gloria?
609 2878 688 2923 Nonne
704 2879 727 2922 in
742 2873 796 2922 rire?
819 2878 846 2923 Et
863 2878 900 2937 qui
914 2891 960 2922 non

202 2961 283 3019 appetit
304 2959 432 3004 hormnibus
455 2958 558 3017 placere,
586 2973 630 3004 nec
649 2959 710 3003 timet
734 2958 870 3018 displicere,
894 2954 961 3004 inulta

111 3105 310 3117 ‚ma-.-.wa

153 3198 171 3248 1)
185 3198 274 3247 Epistola
289 3210 354 3248 papae
369 3196 444 3232 Liberii
460 3192 513 3243 npuru'
532 3192 627 3229 Hilarium
647 3193 694 3241 frag*
709 3193 741 3229 Vl
810 3239 812 3245 Ι

153 3268 173 3318 2)
188 3268 304 3316 Hieronymi
318 3269 395 3316 niatog.
411 3266 454 3304 autin
468 3263 620 3316 Lucilerianos·
