1979 3399
371 86 574 137 —933—

45 223 124 284 quodsi
141 236 232 270 errores
249 224 279 270 illi
295 225 317 270 in
333 226 443 272 llernncsii
461 227 524 273 libris
540 239 586 272 non
606 227 772 283 contineamur,
787 237 835 270 rem
852 240 903 271 nro-

43 308 84 353 lius
102 305 168 351 etiam
189 320 214 351 se
230 307 355 363 habe1·e¹).
397 308 460 353 lianc
477 321 540 354 suam
558 309 691 354 sententiam
707 321 726 353 s.
745 311 810 368 pater
824 309 901 352 mani-

45 387 103 433 festo
120 386 260 432 confirmarit
277 400 322 445 eo,
346 389 406 447 quod
424 387 483 433 Acta
501 388 668 446 Homericae,
692 404 750 450 quae
771 389 825 435 nihil
844 387 904 433 aliud

44 471 173 526 sequuntur,
189 468 234 513 nisi
245 464 274 513 'ut
291 469 453 527 demonstrent,
470 471 493 515 in
509 469 572 516 libris
586 472 738 517 Hermesianis
756 484 796 516 eas
814 468 903 516 doctri-

43 564 84 595 nas
100 563 145 593 con
161 549 244 605 inesse,
261 563 317 608 qnae
332 552 417 598 Rornae
434 551 484 595 eius
499 553 588 596 nornine
601 554 764 598 condemnatae
781 556 840 609 sant,
856 556 902 596 tarn

43 629 154 676 benevole
171 630 286 689 suscepit,
311 636 335 676 ut
357 631 385 677 ad
406 637 521 677 auctorem
548 633 606 678 adeo
630 632 812 679 benedictionem
837 646 901 677 suain

43 712 140 758 miserit
168 712 190 757 S.
209 716 277 770 pater.
290 725 346 757 sane
365 713 489 758 secundum
511 713 626 772 ingenium
653 714 771 759 doctrinae
789 713 900 759 Christia-

43 806 94 851 nae,
110 793 234 837 secundum
250 798 347 838 mentem
362 793 453 851 politiae
470 792 640 839 ecclesiasticae
659 799 680 839 et
697 794 751 839 dixit
769 799 791 839 et
806 795 861 854 egil.

103 873 150 930 „Nil
160 873 228 932 igitar
237 874 328 932 mirum?
336 873 406 932 inquit
415 873 550 918 lluratorius
559 873 599 931 ,si,
611 873 642 919 uti
652 873 784 932 qtrihusdam
792 874 899 931 exemplu

105 966 173 1011 supra
186 954 332 1010 ostendimus,
346 953 473 999 huiusmodi
488 953 571 998 iudicia
585 954 665 999 iterum
679 955 772 1013 institui,
791 959 813 1000 et
827 959 903 999 retra-

106 1034 170 1090 clari,
185 1038 207 1078 et
218 1035 298 1079 mutari
308 1034 411 1080 Ecclesia
428 1034 531 1094 patiatur.
564 1035 634 1080 lnrmo
651 1037 784 1093 cuicumque
801 1034 904 1078 modeste

106 1113 200 1171 curami,
209 1118 233 1158 nt
241 1113 364 1160 Auctorem
374 1117 500 1173 quempiam
512 1113 642 1159 damnatum
651 1113 678 1159 ab
690 1114 806 1159 erroribus
815 1117 904 1173 purget,

105 1207 242 1240 succensere
252 1194 356 1241 Ecclesia
367 1196 459 1241 minime
473 1196 603 1252 consuevit,
621 1208 688 1255 quum
698 1208 754 1240 suae
766 1207 818 1240 esse
827 1197 902 1253 pieta-

108 1275 136 1319 tis
156 1275 230 1330 ducat,
246 1276 348 1321 omnibns
361 1275 412 1321 tiliis
427 1277 474 1321 suis
486 1288 625 1336 quocumque
641 1280 742 1334 tempore
760 1275 834 1320 locuni
849 1276 902 1320 rin-

106 1355 218 1401 dicandae
237 1357 383 1402 innocentiae
398 1356 534 1416 reilinquere,
551 1355 671 1401 dnmmoclo
685 1354 792 1401 scandala
811 1356 900 1400 eviten-

82 1444 83 1447 ’
105 1439 148 1493 tur,
166 1436 239 1495 etqui
254 1436 342 1495 patroni
358 1449 451 1481 munere
468 1436 598 1496 iunguntur,
614 1448 660 1480 non
671 1436 795 1480 sententias
810 1434 900 1480 Aucto-

103 1515 165 1561 ribus
182 1516 283 1574 tributas,
300 1521 322 1562 et
340 1517 367 1561 ab
384 1516 487 1561 Ecclesia
502 1518 647 1575 proscriptas,
665 1516 737 1571 tueri3
753 1516 794 1561 sed
811 1517 900 1561 Aucto-

102 1609 140 1642 res
157 1597 310 1642 tantummodo
326 1597 354 1642 ab
370 1596 493 1654 erroribus,
510 1596 589 1656 quibus
606 1596 715 1655 inquinati
738 1595 897 1652 credebamur,

102 1675 200 1722 liberare
217 1677 361 1722 contendant.
394 1678 431 1725 Sic
448 1677 578 1737 Originenr,
594 1676 773 1733 Tlieodoretunr,
791 1676 899 1722 Abellar-

103 1758 168 1814 durn,
190 1757 392 1814 Gotlresoalchmn,
415 1757 526 1803 Alrlratem
551 1756 703 1813 loachirnurn,
733 1756 849 1815 aliosque,
875 1758 898 1800 in

104 1839 160 1897 ipsis
177 1838 243 1883 etiarn
261 1837 407 1883 Generalibus
424 1837 530 1883 Conciliis
546 1837 677 1893 damnatos,
692 1837 835 1895 sacrilegium
851 1849 898 1880 non

103 1918 143 1962 sarit
158 1930 199 1976 pro
223 1918 308 1962 virilrus
333 1917 398 1962 tueri.
431 1917 505 1976 Atque
524 1917 609 1961 utinarn
626 1916 709 1961 nullum
726 1930 780 1963 vere
793 1917 899 1962 Haereti-

102 2012 152 2043 onin
176 2011 279 2056 uinquam
302 1997 465 2042 habuissemus.
506 1996 620 2050 Quosdam
645 2001 722 2041 contra
747 2001 784 2041 am
804 1996 898 2040 absolu-

101 2082 146 2136 tos,
163 2083 200 2123 aut
215 2078 348 2122 innocentes
364 2076 530 2135 proclamatus,
547 2075 666 2121 remelius
684 2081 811 2134 comperta,
828 2078 896 2121 noris

101 2162 221 2216 percutere
244 2156 346 2201 censuris
368 2156 390 2200 in
406 2167 469 2199 rnorc
486 2153 533 2199 luit.
566 2155 659 2200 lllustna
676 2159 741 2211 sunt,
757 2159 780 2199 et
795 2155 839 2200 huc
856 2170 897 2200 re-

100 2239 179 2281 vocari
204 2238 252 2280 iure
278 2240 371 2293 possunt
393 2235 519 2279 Innocentii
534 2233 563 2278 lll
586 2235 656 2279 verba
675 2235 699 2278 in
716 2234 769 2293 Cap.
787 2234 808 2279 A
823 2236 897 2293 nobis,

102 2316 131 2360 de
154 2317 265 2362 sententia
286 2315 478 2360 Excomrnunieat.
518 2312 629 2358 laodicium
647 2313 691 2358 Der'
707 2314 814 2369 ociatrcn,
838 2328 897 2373 quarte

102 2410 147 2440 non
161 2397 228 2454 fallit,
245 2410 286 2440 oco
300 2395 396 2453 fallitur,
411 2406 500 2451 serrarrcr
515 2393 631 2447 innititur,-
647 2394 754 2439 indiciam
764 2399 838 2439 cartem
849 2396 897 2441 Ec-

104 2475 188 2520 ctesiue
211 2488 371 2532 irorata-unquam
394 2473 521 2531 opinionem
537 2473 650 2531 secratur,
677 2475 712 2530 (in
730 2474 897 2522 definitionibus

102 2568 183 2612 nempe
200 2555 336 2608 Factorum,
353 2566 404 2597 narn
421 2566 478 2611 quae
496 2552 525 2597 ad
541 2553 636 2611 Dogrna,
653 2557 674 2597 el
690 2553 765 2599 Fidem
785 2562 895 2615 spectant,

102 2635 201 2680 veritate
211 2633 285 2678 divina
298 2633 343 2678 ianr
354 2617 456 2677 revelata
464 2632 597 2688 innituntur)
613 2645 681 2689 damn
697 2637 721 2677 et
730 2635 811 2691 follere
826 2649 896 2693 saepe

102 2713 214 2772 continoit,
231 2715 253 2756 et
268 2708 324 2770 solli.
357 2710 453 2768 Propter
471 2711 531 2769 quod
547 2710 651 2769 coartiaoit
666 2710 783 2766 interdum,
800 2720 841 2772 ut,
858 2717 896 2773 qod

102 2794 183 2852 liquida
198 2796 232 2837 est
247 2790 410 2849 ciprianum,
428 2791 490 2846 crptrd
505 2789 629 2836 Ecclesium
646 2789 677 2833 sit
691 2791 794 2836 solidus:
813 2799 841 2848 et,
858 2796 897 2852 qui

103 2873 160 2917 liber·
176 2877 210 2917 cst
225 2871 287 2929 opard
295 2870 375 2925 Dema,
391 2869 555 2916 Ecclesiastico
568 2870 597 2915 sit
606 2869 716 2914 sententio
731 2870 895 2934 tranororaser).

49 2991 267 3003 W

84 3060 104 3111 1)
118 3072 136 3095 v.
149 3059 201 3096 liber
213 3059 245 3095 cui
255 3056 328 3094 index:
343 3057 470 3095 llermesiani
485 3059 505 3095 in
520 3057 569 3094 nrlre
584 3058 651 3103 Romu,
665 3057 709 3095 sive
724 3060 855 3100 variationes
871 3064 897 3100 aa,

116 3133 164 3169 ncta
181 3133 276 3174 llonrana,
290 3142 308 3180 p,
325 3128 348 3165 td
362 3141 391 3178 sq.

80 3201 101 3252 ¹2)
115 3216 132 3243 v,
149 3202 280 3251 Muratorinrn
294 3199 301 3235 l
318 3199 332 3234 ln
348 3198 361 3234 l.
373 3200 385 3234 l=
404 3212 418 3235 r,
433 3200 491 3237 XIX«
