1979 3399
414 88 615 137 ——300-

84 226 200 282 ostendit,
224 228 304 286 aprique
321 239 370 270 curn
386 227 485 284 pluriltus
500 227 550 272 aliis
565 229 645 272 vertit:
672 226 754 272 (laurio
769 229 824 272 dctis
850 233 943 275 cultori„

85 305 127 351 bus
143 308 191 351 suis
208 307 328 364 conciliat,
346 307 413 352 client
430 309 522 366 impium
536 308 634 367 quotidie
650 309 698 363 tulit,
714 315 780 367 atque
797 309 854 354 baec
872 312 945 355 inter-

85 389 187 445 pretatio,
202 388 239 432 ubi
252 389 473 435 consideraveriunrs
494 391 561 434 vitain
574 390 692 435 humanam
710 396 732 435 et
750 390 841 435 alioruur
856 393 944 436 auinur-

85 468 144 524 liurn,
163 482 300 527 rnagnopere
316 470 468 517 confirmatur.
496 472 531 529 ,Si
547 471 601 515 deus
615 484 676 515 suain
687 472 801 517 ntilitatcrn
813 472 945 529 respiceret,

87 562 136 593 curn
156 551 264 595 creaturis
286 553 333 595 suis
357 557 390 596 tot
406 554 492 612 gratiae
513 566 568 611 ergo
591 553 676 608 donat,
700 555 719 598 si
734 553 813 612 gratiis
830 553 944 596 retributis

84 632 185 690 gaudere
202 633 277 690 vellet,
294 646 340 677 uon
358 634 395 679 ille
413 635 560 680 animantibus
573 635 661 679 ratione
674 635 810 690 carentibus,
827 647 883 692 quan
902 633 945 677 be-

83 714 224 759 ncl'actorern
249 728 312 759 suurn
338 728 465 773 agnoscere
490 717 555 773 cique
580 716 665 775 gratias
693 729 763 775 agere
779 729 825 759 nou
841 719 944 773 possunt,

85 800 146 839 tanta
162 795 295 841 liberalitate
311 796 436 855 voluptates
457 798 549 856 largitus
568 802 636 853 esset,
652 797 742 842 nrinirne
760 802 832 841 auteur
850 796 944 854 ingratis

85 876 213 921 lrorninibus
236 876 345 923 beneficia
364 892 403 923 sua
425 880 507 925 liustra
525 879 639 936 dedisset,
656 880 683 924 iis
699 878 842 935 horninibus,
861 880 897 937 qui
915 891 943 921 co

84 960 204 1016 procacius
222 961 376 1005 exsistentiam
395 961 431 1005 dei
452 960 578 1020 alnrcgant,
596 961 644 1005 eius
661 960 831 1005 conl'essoribus
851 959 945 1003 illrulunt

85 1045 107 1084 et
126 1041 186 1085 onini
201 1039 279 1086 labore
296 1041 392 1097 sttuleut,
413 1047 437 1087 nt
462 1048 535 1086 terrae
554 1042 642 1087 incolae
667 1043 689 1086 in
707 1042 772 1086 deuru
789 1040 883 1085 credere
901 1039 944 1085 de-

86 1121 175 1179 sistant,
186 1121 252 1181 idque
269 1136 297 1168 eo
314 1124 385 1182 inagis
405 1124 513 1184 consequi
529 1128 630 1183 possunt,
647 1136 690 1183 quo
704 1122 826 1168 iunioribus
847 1124 883 1170 dci
900 1124 943 1168 bc-

86 1203 173 1246 ncliciis
192 1208 214 1246 ct
230 1205 271 1261 ipsi
287 1208 377 1247 utuntur
387 1209 413 1259 ³).

145 1285 219 1328 Alinnr
245 1297 335 1329 sensuur
359 1287 378 1329 is
401 1287 466 1330 locus
483 1290 562 1330 nactus
580 1291 614 1330 est
635 1284 694 1343 apud
713 1284 854 1343 septuaginta
871 1285 944 1329 inter-

84 1370 175 1423 pretes,
200 1379 293 1423 quorurn
317 1368 508 1426 interpretationis
525 1367 585 1412 bona
607 1379 659 1426 pars
682 1365 787 1410 conlecta
811 1370 845 1410 cst
862 1366 890 1410 ab
907 1366 942 1420 iis,

83 1447 121 1505 qui
137 1447 236 1507 linguanr
253 1448 387 1493 Hebraicaru
409 1461 438 1492 cx
463 1461 503 1493 ore
519 1448 632 1492 bonriuunr
659 1460 687 1492 eo
712 1459 818 1492 sermone
836 1460 879 1505 quo
897 1449 943 1492 narii

84 1536 148 1575 erant
171 1533 278 1577 utentiurrr
297 1538 440 1590 acceperant.
472 1531 534 1577 Haec
559 1536 608 1577 est:
630 1531 716 1575 licium
738 1526 766 1574 za*
784 1525 842 1588 ἔργα
858 1531 943 1587 κυρίου

83 1610 142 1669 μετὰ
160 1612 325 1673 δικαιοσύνης·
350 1610 498 1673 φυλάσσεται
517 1614 543 1659 di
560 1611 572 1657 ri
590 1607 678 1671 dosside
697 1610 731 1662 εἰς
750 1607 840 1669 ἡμέραν
862 1605 943 1668 κακήν.

83 1693 161 1738 Drrcirl
176 1693 292 1738 lliclloclis
315 1695 352 1752 qui
373 1693 453 1738 litteris
473 1693 592 1738 Hebraicis
618 1691 748 1736 doctissime
774 1688 873 1733 cruditus
895 1694 943 1735 erat

83 1777 166 1820 uertit:
183 1773 264 1818 (latinio
274 1775 329 1818 deus
341 1774 442 1831 supremi
457 1774 494 1819 sui
508 1773 628 1830 propositi
644 1771 720 1830 produ
735 1770 797 1829 fecii,
816 1771 882 1815 etium
899 1785 943 1815 rto-

81 1861 166 1900 centent
177 1855 199 1899 iu
213 1855 270 1899 dicul
282 1855 399 1911 tiaratorum,
416 1855 522 1912 additque
537 1849 693 1913 explicationis
706 1865 786 1897 causa:
806 1852 941 1909 „eraeeun-

84 1950 128 1994 que
143 1936 302 1995 partitionum
317 1937 377 1993 liunt,
393 1950 445 1995 pars
464 1942 499 1981 cst
514 1936 591 1993 optnni
607 1932 722 1989 universi,
740 1932 801 1992 quod
818 1933 874 1978 deus
891 1933 943 1978 inli-

83 2017 129 2060 nita
147 2017 256 2076 sapientia
272 2017 339 2072 lecit,
364 2017 423 2062 adeo
441 2016 501 2076 quod
518 2017 598 2062 malurn
616 2018 639 2061 in
657 2030 686 2061 eo
704 2022 747 2074 est,
764 2016 787 2060 id
804 2016 942 2061 iustnnuen-

82 2102 127 2142 turn
143 2103 179 2142 est
194 2098 286 2142 maioris
302 2099 369 2153 boni3
386 2098 469 2157 alioqui
483 2097 538 2143 deus
549 2098 571 2143 id
589 2110 635 2143 non
645 2100 794 2157 permissurus
806 2103 861 2142 crat.
892 2096 942 2143 No-

83 2192 155 2236 cens,
178 2192 243 2238 quern
260 2179 315 2223 (leus
332 2179 361 2223 ob
378 2184 472 2237 peccata
488 2179 566 2236 punire
582 2178 663 2235 debet,
678 2192 752 2238 neque
769 2178 851 2223 irrutilis
866 2176 943 2222 rnurrdi

83 2273 135 2318 pars
152 2265 187 2305 est
204 2274 277 2318 neque
295 2274 307 2305 a
323 2261 438 2319 proposito
460 2260 551 2306 aliena:
577 2263 626 2305 eius
643 2260 723 2305 studiis
740 2260 777 2305 alii
795 2273 807 2304 a
825 2258 943 2317 peccando

84 2342 155 2385 averti
172 2340 270 2396 debent,
288 2356 314 2386 ae
330 2343 375 2386 uisi
392 2343 411 2387 is
430 2342 535 2398 adesset,
554 2343 597 2386 nisi
612 2343 741 2399 puniretur,
758 2340 795 2384 alii
813 2344 942 2398 peccarent,

82 2425 201 2478 propterea
219 2421 280 2477 quod
296 2421 402 2478 exemplis
419 2422 484 2466 nullis
503 2422 677 2466 deterrerentur.
711 2421 773 2472 Quae
790 2419 942 2464 consideratio

84 2500 239 2560 philosophica
252 2500 361 2546 eiusinodi
379 2505 427 2554 cst,
444 2507 468 2545 ut
484 2514 511 2544 ea
527 2501 656 2559 benignitas
673 2500 717 2556 dei,
734 2513 780 2544 uon
796 2500 863 2545 niodo
881 2501 942 2560 quod

84 2584 162 2628 attinet
178 2581 207 2627 ad
223 2595 310 2641 poenas
327 2581 392 2627 lnrius
413 2582 473 2626 virae
490 2581 530 2625 scd
547 2583 613 2626 etiarn
625 2581 719 2636 litturae,
736 2582 845 2627 uindicari
861 2583 941 2641 possit,

83 2664 102 2707 si
123 2664 172 2721 quis
197 2663 242 2706 lroe
263 2667 376 2721 opponat:
399 2661 479 2706 Nonne
499 2660 561 2717 deus,
579 2662 696 2720 quominus
715 2662 752 2705 liic
768 2661 851 2718 laonio,
876 2674 941 2719 quern

83 2749 136 2788 ante
158 2743 246 2788 sciebat
267 2743 350 2788 rnalurn
381 2743 477 2787 luturnur
506 2755 571 2798 csso,
602 2747 734 2787 nasceretur
755 2741 876 2799 probibere
898 2754 942 2799 pou

81 2826 139 2870 tuit'?
162 2825 221 2870 Sane
237 2825 319 2882 poluit,
340 2825 381 2869 sed
400 2831 444 2869 turn
461 2836 502 2882 pro
520 2837 547 2868 co
565 2826 602 2869 ulii
618 2824 669 2868 nrali
685 2824 751 2870 luturi
770 2829 846 2879 erant,
870 2824 942 2867 etsie

84 2911 173 2963 porrofl

147 2986 219 3031 Etiarn
237 2986 349 3042 catholici,
365 2983 507 3043 «perinsignis
525 2983 670 3030 crttrcdonac
685 2985 744 3029 l'arna
759 2983 865 3043 gaudent,
882 2983 942 3029 velut

86 3065 201 3110 rj‘ctnettas
219 3080 233 3110 o
248 3066 334 3124 lupide
351 3072 372 3110 et
383 3066 502 3119 Albutius,
519 3068 541 3107 ut
557 3065 637 3110 nrultos
648 3065 705 3112 alios
719 3067 812 3121 rnittanr,
827 3064 900 3109 locuto
913 3062 941 3107 de

87 3281 90 3285 Ι
128 3237 147 3286 l)
164 3249 181 3273 u
195 3235 293 3273 lloreresii
309 3236 436 3274 introductio
453 3233 594 3286 philosophica
608 3248 627 3286 p„
641 3233 686 3272 tob
