1979 3399
437 61 619 107 „100-

98 202 223 262 iustruera,
246 206 321 248 tamen
343 200 538 247 consecrationem
556 196 726 257 sacerdotalem
740 198 846 255 accipere
863 196 959 241 audeat!

101 282 158 327 itum
178 283 244 326 eitius
264 288 330 346 atque
351 277 451 325 callidius
473 278 607 324 existimatio
625 276 708 321 indolis
726 277 843 323 cuiusdam
863 277 960 322 hominis

30 387 32 390 v
100 349 172 408 auerti
191 368 272 422 potest,
290 373 355 419 quam
370 361 393 404 in
411 358 455 404 hae
471 372 497 405 re
515 372 528 404 a
545 358 655 410 Perrouio
672 357 756 402 sactum
773 358 827 401 est?
843 357 887 403 Sed
901 357 961 401 haec

101 443 189 486 iuterim
208 442 329 495 mittamus,
355 444 378 484 et
402 440 455 499 quid
471 439 561 484 valeant
583 437 734 483 dubitationes
754 438 864 482 liernrosii
888 439 962 497 expli-

103 536 187 567 cemus.
452 565 455 568 ,

162 600 222 646 Saue
236 613 315 646 rerum
331 605 374 658 est,
390 600 501 646 Heuuosii
521 600 543 644 iu
559 599 701 658 praefatione
718 598 892 646 Introductiouis
910 598 963 656 piri-

100 680 232 738 losopbieae
244 679 290 725 boe
306 682 433 741 professum
450 694 508 735 osse,
526 693 578 724 sese
594 679 739 726 dubitavisse.
772 680 895 738 Numquam
912 694 963 723 ma-

102 762 138 821 gis
160 762 183 805 iu
206 760 304 806 rieterius
321 767 391 807 tracta
414 767 448 806 est
471 762 568 806 trouriuis
586 761 680 807 alicuius
698 762 827 821 proi'essio‚
843 773 963 818 numquam

103 848 163 888 tauta
179 844 294 888 criminum
318 844 389 888 moles
414 843 443 887 ob
469 856 518 887 eam
545 855 594 888 rem
618 848 679 888 ruota
703 848 753 899 est,
777 855 843 901 quam
860 842 888 887 ob
906 841 964 885 baec

103 925 174 970 verba
197 937 239 969 usu
262 924 355 968 uenisse
375 922 477 967 vidimus.
511 923 598 982 Ubique
616 923 675 967 hano
697 924 877 968 criminationem
894 923 917 966 in
935 922 965 965 ti-

104 1007 165 1050 mine
182 1005 314 1050 collocatam
331 1004 433 1049 videmus
451 1006 478 1049 ab
495 1005 606 1061 omnibus,
623 1006 659 1064 qui
671 1004 811 1049 Hermesium
824 1004 965 1062 impugnare,

105 1087 143 1144 qui
167 1086 195 1130 de
218 1099 246 1130 eo
266 1085 398 1143 triumphum
419 1090 535 1144 reportare
560 1090 582 1130 et
604 1099 668 1131 suum
691 1087 789 1143 ipsorum
807 1080 965 1129 orthodoxiam

106 1164 224 1209 riudieare
247 1169 363 1209 conantur.
395 1164 435 1210 Est
458 1165 527 1224 igitur
545 1165 605 1223 rqrrod
621 1179 769 1224 quaeramus,
799 1165 822 1209 in
846 1175 890 1220 quo
913 1166 965 1205 tan-

107 1247 158 1290 dem
185 1227 281 1303 positum
309 1246 338 1290 sit
367 1246 452 1291 crimen
477 1246 536 1290 istud
562 1246 678 1290 immane?
717 1246 744 1291 ta
769 1246 827 1289 iuste
852 1242 881 1287 ad
906 1243 967 1286 bauo

107 1327 261 1384 quaestionem
282 1325 473 1383 respondeamus,
495 1332 547 1371 aute
569 1325 719 1371 definiendum
743 1330 792 1381 est,
808 1324 861 1383 quid
878 1325 906 1369 sit
922 1324 966 1367 du-

106 1406 187 1462 bitare,
205 1410 227 1449 et
244 1418 296 1449 num
313 1405 421 1450 dubitatio
432 1408 515 1464 ubique
527 1408 550 1451 in
567 1406 768 1465 reprehensionem
785 1407 885 1450 incurrat
891 1420 897 1460 3
914 1418 966 1448 uum

106 1487 191 1530 oriruen
212 1486 254 1542 sit3
279 1485 339 1545 quod
360 1499 433 1545 neque
448 1487 471 1532 in
487 1486 531 1532 hac
546 1487 592 1532 vita
607 1499 682 1546 neque
698 1491 860 1544 postmortem
877 1485 967 1530 condo-

106 1568 155 1611 nari
173 1567 264 1624 possit?
679 1556 681 1559 ’

169 1646 301 1703 Ubicunque
319 1650 458 1705 argumenta,
475 1657 515 1690 cur
532 1645 615 1704 aliquid
627 1659 705 1691 rernm
716 1645 846 1701 habeamus,
863 1657 909 1689 nou
927 1657 967 1688 sa-

108 1728 136 1770 tis
153 1727 216 1771 firma
232 1726 350 1782 ridentur,
368 1732 406 1771 aut
422 1728 461 1771 ubi
477 1733 610 1785 argumenta
630 1725 743 1771 contraria
760 1731 905 1784 comparent,
923 1725 968 1769 du-

109 1804 212 1849 bitamus.
245 1806 336 1851 Accidit
350 1806 415 1851 uerbi
431 1820 512 1864 causa,
532 1812 556 1853 ut
571 1808 669 1853 instituta
686 1806 871 1852 consideratione
888 1806 911 1850 in
929 1817 967 1849 res

111 1887 219 1945 quasdam
240 1888 381 1944 incidamus,
403 1902 460 1946 quae
484 1901 532 1935 cunr
550 1889 609 1933 sacto
633 1903 645 1933 a
664 1887 730 1932 nobis
756 1887 842 1931 credito
867 1899 969 1946 pugnare

111 1966 241 2023 videantur3
257 1968 281 2013 id
296 1970 334 2014 ubi
350 1971 385 2026 nt,
409 1970 527 2028 persuasio
543 1974 621 2015 nostra
639 1970 717 2015 labare
732 1966 816 2026 incipit.
848 1968 971 2022 Assensus,

96 2049 132 2109 Jsi
148 2048 247 2093 nondum
266 2049 377 2094 adhibitus
402 2054 452 2107 est,
474 2051 604 2107 cohibetur;
629 2053 688 2095 inter
707 2050 751 2094 duo
776 2049 858 2094 irutieia
879 2048 970 2093 diuersa

111 2131 192 2175 incerti
200 2129 328 2186 lraeremus,
345 2136 367 2175 et
378 2132 484 2190 quamdiu
497 2133 516 2177 is
532 2137 601 2178 status
617 2137 699 2188 manet,
716 2130 744 2174 de
760 2143 785 2173 re
803 2128 898 2187 quadam
915 2128 970 2172 certi

112 2210 217 2267 quiddam
227 2211 371 2266 pronuntiare
382 2225 428 2256 nou
444 2225 570 2271 possumus,
603 2212 648 2257 lam
667 2213 686 2256 si
698 2211 801 2269 exposita
814 2212 835 2254 ui
851 2223 878 2253 ae
889 2214 970 2253 natura

113 2287 258 2334 dubitationis
284 2290 312 2334 ad
337 2293 385 2336 eius
401 2293 512 2350 originem
527 2297 668 2350 spectamus,
695 2291 723 2333 ab
748 2289 791 2332 hae
809 2294 872 2346 parte
890 2288 971 2345 duplex

114 2373 156 2425 est⁷
174 2376 198 2419 tt
215 2383 261 2414 non
277 2371 402 2417 uoluntaria
419 2378 456 2417 aut
472 2374 498 2427 Q)
514 2372 648 2417 voluntaria.
682 2369 736 2414 iude
753 2375 832 2428 sponte
849 2369 972 2427 eorrsequi-

114 2455 165 2505 tur,
180 2464 226 2494 non
244 2464 331 2495 omnem
347 2452 506 2497 dubitationem
523 2451 700 2510 reprehensione
717 2451 808 2509 dignam
831 2464 897 2495 esse:
919 2462 972 2493 nam

116 2526 225 2572 dubitatio
248 2541 293 2571 uon
315 2530 439 2574 uoluntaria
458 2542 553 2588 poenam
576 2534 637 2574 certe
661 2543 706 2574 non
724 2535 829 2575 moratur.
860 2529 905 2576 Sed
927 2541 972 2573 ro-

114 2605 210 2650 luntaria
234 2604 339 2649 dubitatio
363 2620 415 2652 uum
431 2608 456 2652 in
471 2607 671 2665 reprehensionum
688 2609 800 2655 incurrit?
813 2610 869 2656 Eum
883 2609 972 2654 ratione

115 2686 190 2732 iudice
208 2698 283 2744 poena
308 2685 398 2744 dignum
421 2701 486 2742 esse,
512 2687 548 2744 qui
570 2690 672 2733 consulto
693 2689 843 2739 dubitationes
866 2691 925 2735 huno
949 2691 972 2734 in

115 2770 181 2813 iiuem
206 2769 322 2826 anquirat,
345 2773 369 2812 ut
393 2767 547 2813 certitudinem
565 2781 627 2814 suam
646 2769 674 2814 de
691 2772 824 2829 quibusdam
840 2771 972 2816 veritatibus

117 2850 159 2907 ipsi
181 2850 283 2895 molestis
305 2848 441 2906 labefactet,
466 2854 489 2892 ut
512 2848 552 2893 bas
577 2851 682 2896 ueritates
701 2865 730 2897 ex
744 2866 819 2897 rerum
843 2851 973 2897 credenda-

118 2921 276 2976 rum‘numero
299 2930 418 2984 excludat,
444 2929 468 2974 id
493 2929 516 2972 in
538 2935 615 2987 aperto
639 2937 680 2976 ost.
714 2934 759 2979 Sed
780 2935 817 2992 qui
833 2934 894 2978 nullo
911 2934 974 2978 eius-

121 3008 182 3052 modi
198 3010 298 3067 improbo
319 3011 415 3056 consitio
437 3009 465 3054 ad
485 3010 635 3066 quaerendum
653 3014 755 3070 aceedit⁷
781 3016 818 3072 qiu
839 3014 888 3060 sine
910 3014 974 3057 eius-

120 3087 182 3132 modi
198 3092 291 3136 consitio
311 3093 411 3148 dubitat3
431 3092 468 3150 qui
486 3090 568 3134 iactum
585 3093 695 3150 quoddam
706 3101 826 3153 propterea
844 3094 974 3139 exarmiuare

120 3168 229 3223 instituit7
245 3174 268 3212 ut
283 3171 349 3218 fictam
365 3186 428 3219 suam
445 3170 573 3227 eordirmet3
591 3172 628 3230 qui
645 3175 675 3220 ita
692 3181 725 3220 est
742 3176 815 3221 auimo
833 3174 933 3230 affectus,
950 3178 973 3217 ut
