1979 3399
443 87 626 136 ...Ίὸ-.-

102 224 183 283 quibus
203 226 332 272 ventilando
348 231 370 269 et
387 224 527 283 expedienda
550 225 594 269 init
615 227 717 283 [quaestio
734 229 866 286 proposita3
887 239 961 285 neque

101 291 243 364 perspexerit
265 307 398 351 sententiam
426 318 439 348 a
465 317 490 349 se
511 304 578 348 latam
599 318 628 348 ex
652 305 762 364 principio
788 306 848 352 lraud
876 308 961 353 idoneo

101 398 203 446 pugnare
224 399 274 430 cum
299 384 346 428 aliis
367 382 488 440 axiomatis
511 384 583 443 inagis
600 382 685 439 huius,
706 397 763 442 quac
779 386 854 442 potius
877 387 898 430 ei
916 391 961 429 tum

100 479 141 525 pro
165 478 244 511 uonna
265 464 380 509 iudicandi
403 477 456 510 esse
478 465 610 511 debuerunt.
651 464 700 509 Pari
720 464 789 509 modo
812 476 858 509 nou
879 465 962 522 poterit

100 559 196 604 unquam
221 545 350 603 quisquam,
378 546 426 589 sire
452 545 543 589 adhibet
567 546 590 589 iu
614 544 710 590 dicendo
733 543 782 587 sire
803 543 898 602 negligit
921 557 961 588 ar-

100 628 146 668 tem
174 625 310 678 oratoriam,
337 624 476 684 persuadere
503 623 587 682 aliquid
616 623 654 668 vel
678 623 790 668 indicibus
814 622 851 666 vel
878 623 961 680 populo

101 701 139 747 vel
155 703 279 748 lectoribus
295 702 332 747 rel
350 703 399 748 aliis
417 702 484 746 certis
505 702 638 760 qnilnrsdam
658 702 800 759 homiuibus⁷
817 702 859 761 ,ubi
883 707 961 747 careat

100 782 206 827 facultate
232 783 369 841 ariticipandi
389 794 430 840 per
451 779 587 825 intellectum
609 792 689 825 onrues
712 781 854 827 obiectiones
870 795 898 827 ac
914 781 960 827 dif-

100 862 222 920 ficultates,
247 876 304 921 quae
328 862 403 908 uerbis
426 863 472 906 suis
496 866 518 905 et
540 860 665 906 rationibus
689 860 811 918 prudenter
827 866 864 906 aut
879 866 959 920 sponte

99 946 182 1002 opponi
206 949 289 1004 queant
311 942 338 987 ab
363 943 406 999 iis,
438 942 467 986 ad
494 954 551 1000 quos
576 941 695 985 ratiocinia
717 952 757 985 sua
773 941 893 998 pertine-nt.
925 942 960 985 Ex

100 1023 168 1068 altera
184 1029 248 1081 parte
265 1036 311 1068 non
328 1022 400 1067 solmn
417 1021 489 1066 hircis
512 1022 597 1080 ingenii
614 1020 738 1066 sedetiam
754 1019 864 1078 politioris
881 1021 959 1066 iudicii

99 1102 188 1161 siguum
207 1107 241 1146 est
256 1115 325 1160 posse
343 1100 467 1146 dissolvere
479 1100 627 1154 abiectiones,
644 1113 814 1159 recognoscere
829 1102 959 1146 distinctio-

99 1195 141 1226 nes
159 1186 295 1240 opportunas
312 1187 334 1225 et
348 1181 435 1226 validas
449 1180 477 1224 ad
492 1179 579 1224 illarum
591 1170 737 1237 solutionem
748 1180 886 1240 distinguere
896 1183 958 1239 item,

100 1261 174 1321 qualia
197 1261 311 1306 sinisera
334 1261 442 1319 principia
465 1261 609 1319 rationesque
629 1262 734 1319 propriae
756 1261 786 1305 ad
801 1263 957 1319 quaestionem

99 1341 236 1398 propositam
252 1338 297 1382 hoc
313 1340 386 1395 potius
403 1340 470 1384 modo
489 1353 554 1397 quam
568 1340 627 1397 alio,
648 1345 670 1384 et
687 1339 731 1384 hoc
746 1342 813 1387 unico
829 1341 897 1386 irrodo
914 1354 958 1387 ne-

99 1431 142 1478 que
158 1422 191 1463 tot
208 1417 258 1463 aliis
274 1417 347 1462 modis
365 1417 554 1461 aliiurliearrclarri.“

161 1500 220 1558 „lam
234 1513 291 1545 acro
307 1498 410 1544 videmus
433 1499 454 1543 d.
473 1497 580 1543 Thomam
596 1497 730 1557 Aquinatem
747 1497 790 1543 hac
806 1497 888 1544 virtute
905 1512 957 1545 esse

98 1579 310 1640 incomparabilem,
327 1592 394 1639 (prum
410 1591 477 1622 neruo
494 1578 592 1633 fortasse
608 1579 650 1632 sit,
675 1577 713 1637 qni
728 1578 807 1624 melius
823 1579 873 1637 ipso
891 1580 958 1625 ‹lubi-

98 1662 148 1702 tare
165 1659 222 1703 sciat
239 1662 262 1701 et
278 1658 397 1714 exquirere
411 1658 513 1702 rationes
532 1658 666 1713 dubitandi,
681 1662 704 1701 et
721 1659 806 1715 eligere
821 1672 877 1703 vera
892 1660 957 1717 prin-

93 1731 166 1795 cipia,
183 1751 213 1782 ex
229 1737 308 1795 quibus
325 1736 432 1782 iudicium
447 1736 565 1800 terendum
581 1742 603 1781 et
619 1735 777 1782 stabiliendum
795 1741 849 1781 est.“

162 1817 211 1862 Hoc
227 1829 296 1862 sensu
317 1821 409 1862 veteres
430 1817 535 1862 iuvenem
560 1817 662 1862 discendi
686 1818 789 1876 cupidam
810 1817 958 1863 hortabantur

98 1896 174 1940 verbis
192 1896 247 1941 illis:
265 1896 326 1941 disce
341 1894 466 1941 saltitare!-
486 1895 508 1940 A
523 1896 598 1955 [tertiis
612 1896 762 1954 accipiendam
780 1901 819 1952 cst,
835 1896 893 1940 baec
909 1903 958 1942 erat

99 1991 196 2034 norma,
217 1989 283 2035 quam
306 1981 396 2022 veteres
416 1975 566 2033 sequebantur
591 1977 614 2021 in
632 1975 770 2034 exploranda
794 1977 907 2032 veritate,
934 1981 957 2020 et

99 2063 204 2115 {plautum
220 2056 277 2101 lucri
299 2069 329 2100 ex
345 2055 389 2100 hae
411 2067 491 2100 noraha
514 2055 543 2100 ad
567 2056 616 2100 veri
635 2056 754 2100 scientiam
776 2055 901 2113 proiectum
919 2057 954 2112 sit,

98 2136 193 2181 lristoria
211 2140 311 2180 testatur.
344 2135 422 2192 Neque
431 2146 487 2179 vero
504 2146 563 2180 ortus
579 2134 658 2193 aliquis
674 2134 697 2179 id
714 2133 814 2179 hortatus
831 2139 872 2191 est,
887 2136 970 2179 innuo

97 2219 159 2258 tanta
175 2219 210 2257 est
225 2213 359 2257 hortantium
374 2212 500 2270 rmdtitudo,
516 2219 540 2258 ut
553 2213 592 2258 rix
607 2214 720 2259 rurrnerari
737 2215 815 2272 possit.
832 2214 882 2259 Non
898 2228 955 2273 pro-

98 2293 230 2337 vocabimus
252 2293 280 2335 ad
297 2293 407 2336 Graecam
424 2293 602 2351 philosophiam,
625 2307 695 2350 quae,
716 2298 740 2338 ut
762 2293 842 2337 Cicero
867 2293 954 2352 scribit,

98 2372 220 2431 praecipue
232 2376 323 2429 propter
338 2371 398 2414 hauc
414 2384 505 2414 causam
518 2371 546 2414 ad
562 2376 645 2415 tantam
663 2371 751 2416 laudem
767 2372 877 2430 pervenit,
895 2372 955 2430 quod

99 2455 176 2496 sectae
192 2450 296 2494 diversae
314 2463 366 2495 sese
382 2463 470 2508 semper
482 2453 644 2509 impugnarent,
661 2450 682 2494 h.
698 2465 717 2495 e.
737 2451 797 2509 quod
810 2465 854 2497 arua
870 2451 954 2496 adver-

99 2544 137 2576 sus
156 2530 248 2576 alteram
265 2530 426 2587 clrcln'tuliooes⁷
444 2531 577 2587 scrapmlos,
600 2531 735 2575 abiectiones
757 2532 872 2591 ingereret
888 2537 954 2589 atque

98 2613 143 2655 vim
158 2611 199 2655 eis
221 2611 308 2655 insitam
331 2611 353 2654 in
377 2610 449 2655 lucem
470 2623 555 2668 ponere
572 2617 704 2656 conaretur:
726 2625 783 2657 riuos
800 2596 952 2657 Scholasticos

97 2692 252 2754 respiciemus.
291 2690 372 2736 Nmme
389 2703 466 2734 onmes
484 2690 514 2734 ita
533 2689 658 2736 dubitantes
676 2691 771 2749 suerum,
786 2697 810 2737 ut
825 2697 877 2737 ante
894 2692 953 2736 defi-

97 2774 166 2818 nitam
183 2776 224 2827 est,
241 2784 268 2816 ao
284 2783 361 2814 uorrne
379 2784 398 2816 s.
415 2770 514 2814 Tlromas
530 2775 553 2815 ut
575 2771 624 2815 aliis
640 2772 663 2816 iu
678 2772 745 2817 robus
761 2785 839 2817 ornnes
857 2771 953 2817 Schola-

99 2854 176 2908 stioos‚
192 2854 225 2897 sic
244 2864 333 2910 quoque
351 2852 374 2894 iu
390 2851 433 2894 hae
452 2850 582 2908 superauit?
606 2852 693 2897 Etenim
708 2852 760 2910 quid
776 2852 863 2897 illorum
880 2864 952 2909 quae.

100 2932 184 2975 stiones
201 2938 265 2976 eraut
281 2932 325 2975 uisi
347 2930 503 2986 dubitationes,
522 2930 629 2988 scrupuli,
647 2932 802 2988 abiectiones,
820 2936 952 2990 argumenta

100 3006 212 3054 oontraria
231 3011 258 3055 ad
274 3009 447 3070 impugnandam
465 3009 588 3053 doctrinam
603 3024 667 3069 qumn
684 3017 840 3072 eaposuerant,
855 3017 892 3056 aut
908 3024 952 3056 ex-

99 3089 193 3149 posituri
210 3092 293 3139 eraut?
320 3092 402 3136 Verum
426 3089 493 3143 etiam
517 3090 537 3133 si
558 3088 710 3135 Scholasticos
725 3080 951 3147 iniserirnus‚'tarueu

99 3164 182 3223 ubique
197 3165 220 3210 in
237 3166 373 3228 Theologtca
392 3167 509 3225 disciplina
527 3166 585 3211 hauc
608 3168 722 3216 <latitandi
739 3170 867 3217 methodum
884 3172 952 3216 inve-
