1979 3399
373 73 573 123 -183-

54 214 97 259 nat<
109 214 138 268 ³).
170 211 215 258 Sed
231 210 302 258 maius
317 212 359 271 ipsi
383 212 450 257 etiam
465 211 554 271 pondus
571 210 660 256 additur
678 212 790 257 sententia
809 210 914 271 Gregorii

52 291 117 350 XVI,
132 305 202 352 penes
220 306 285 354 quem
300 307 360 339 utino
378 295 494 352 imperium
511 293 579 339 totius
596 292 707 339 ecclesiae
725 294 852 339 catholicae
869 299 911 339 est.

52 374 107 422 Nam
125 376 148 420 in
168 375 309 434 praefatione
332 375 415 420 laudati
438 377 483 420 iam
505 375 580 433 operis
596 375 655 434 quod
670 381 705 422 est
722 375 751 421 de
772 375 910 435 ,Trdznnpdo

52 472 135 505 scrcroc
150 456 224 502 secttsr
240 471 263 515 p.
278 457 307 502 X,
322 458 432 517 legimus:

143 539 296 597 „Propositum
317 552 390 584 aueum
407 542 523 583 assecutus
539 538 581 583 sim
601 552 645 585 nec
659 554 706 599 ne,
728 539 835 586 iudicium
858 542 908 583 esto
951 598 953 600 q

144 631 217 678 penes
232 618 331 665 lectores
348 619 534 676 hunmnissimos3
557 621 660 679 equidem
675 620 718 665 hos
736 621 819 666 offendi
838 633 851 665 a
869 633 907 664 me

107 750 109 753 y
144 701 286 758 putaverim,
309 701 382 746 sirei
400 702 540 757 dubitarem,
564 703 617 759 quin
635 701 676 758 ilii,
698 703 829 760 praesertim
847 701 907 760 quod

146 780 225 826 attinet
243 781 272 826 ad
290 781 453 841 praefationem
471 781 643 827 introductionis
659 781 712 828 ioco
727 783 830 841 positam,
850 796 909 828 con-

145 863 218 907 silium
230 874 248 908 s,
264 862 383 922 Augustini
400 864 499 908 sccttturi
515 864 573 912 sint:
583 862 703 922 ,Quisquis
719 864 781 922 lepis,
797 864 853 908 uidit
869 879 909 909 re-

141 942 272 1001 prehendas
287 943 332 989 nisi
347 948 415 989 totam
429 943 531 1003 deperisss

116 1025 219 1080 Quaem
236 1025 293 1071 libro
310 1027 359 1086 ipso
382 1026 410 1072 de
431 1025 475 1071 hac
497 1039 523 1072 rc
545 1030 682 1086 sequuntur,
704 1026 728 1069 in
746 1025 826 1071 eaodem
842 1028 908 1085 piane

53 1110 164 1155 sententia
178 1112 244 1164 sunt,
261 1106 385 1152 cuiusmodi
400 1111 451 1162 suut
467 1119 495 1150 ea
512 1119 569 1165 quae
592 1119 615 1164 p.
631 1105 676 1151 <289
702 1106 816 1152 versionis
832 1107 910 1153 Theo-

53 1190 129 1235 discae
145 1189 265 1249 teguntur:

145 1272 187 1331 ,Ur
203 1270 347 1330 pronuntiata
362 1270 517 1328 repugnantia,
534 1282 591 1327 qnae
603 1269 715 1325 uidentur,
732 1270 848 1329 scriptoris
865 1270 908 1316 ali-

147 1352 210 1397 cuius
225 1352 406 1408 reconciliemus,
422 1355 473 1395 ante
491 1350 584 1395 definire
600 1355 622 1395 et
633 1354 739 1395 accurate
755 1351 906 1397 determinare

145 1445 202 1493 opus
216 1439 269 1487 est,
289 1446 348 1492 quae
369 1433 398 1479 sit
414 1432 516 1513 doqtrina
537 1446 580 1491 qua
606 1437 681 1477 cetera
698 1436 802 1490 tanquam
820 1433 905 1480 funda-

139 1518 217 1562 meuto
233 1513 347 1571 nitantur,
361 1512 485 1559 secundum
502 1526 567 1572 quam
581 1512 643 1570 loci,
663 1515 700 1573 qm
715 1513 820 1559 ridentur
834 1528 905 1574 repu-

138 1608 220 1655 gnare,
236 1594 398 1655 interpretandi
414 1595 480 1640 staro

113 1699 159 1746 Iam
175 1700 281 1745 iudicium
297 1700 482 1759 congregationis
505 1713 524 1745 S.
540 1700 690 1758 inquisitionis
709 1700 733 1744 in
758 1714 826 1745 causa
842 1700 902 1746 Hor-

45 1782 110 1828 mesii
126 1784 230 1828 emissum
246 1783 318 1841 ipsum
332 1781 455 1841 profitetur,
470 1793 516 1825 non
531 1785 601 1825 totum
618 1781 693 1838 operis
705 1779 734 1825 ad
751 1793 846 1825 eramen
859 1793 902 1825 ex-

45 1863 137 1910 hibitum
153 1876 219 1921 esse,
245 1863 286 1909 sed
308 1863 409 1922 singulos
425 1861 490 1907 locos
506 1867 528 1907 et
544 1863 662 1920 ampliores
679 1867 755 1921 partes
770 1863 822 1907 inde
841 1876 900 1907 cou-

46 1958 126 1991 versos
143 1958 203 1991 esse.
243 1945 320 2004 itaque
337 1943 390 1989 iilud
405 1943 477 1988 Brere
493 1947 514 1988 et
531 1957 549 1989 s.
567 1943 693 2003 Augustino
710 1949 732 1989 et
748 1945 902 1990 constitutioni

45 2026 162 2071 Benedicti
180 2024 230 2071 XIV
247 2030 269 2070 et
283 2030 405 2085 praecepto
421 2024 490 2084 ipsius
505 2025 639 2070 sanctissimi
650 2026 720 2083 patris
730 2026 835 2085 Gregorii
850 2027 902 2072 Xtt

44 2111 164 2167 repugnat.

136 2213 219 2272 ,Caput
235 2211 334 2257 brachiis
349 2211 595 2272 indiget,“d1urator·ius
607 2212 685 2270 inquit,
701 2211 825 2270 ,laudanda
841 2228 897 2260 uero

136 2295 215 2355 capitis
242 2294 336 2340 consilia
357 2306 517 2353 nonnunquam
537 2294 657 2339 ti·ustratur
679 2298 716 2338 aut
742 2295 818 2352 prodit
841 2296 898 2342 bra-

135 2377 235 2422 chiorum
259 2375 382 2421 infirmitas.
429 2373 462 2419 Ita
484 2379 506 2419 et
528 2387 597 2434 reges
621 2380 643 2419 et
664 2376 764 2435 episcopi
790 2377 897 2425 ministris

134 2458 248 2517 indigent5
266 2463 332 2516 atque
348 2455 443 2502 istortuu
457 2456 512 2501 vitio
528 2461 566 2502 aut
581 2456 688 2501 socordia
705 2457 753 2502 fieri
769 2463 857 2516 potest,
873 2465 898 2505 ut

134 2536 166 2582 illi
184 2537 315 2582 auctoritate
333 2550 373 2582 sua
390 2537 514 2592 abutantur,
531 2541 553 2581 et
569 2537 699 2583 castissimis
712 2538 798 2597 legibus
816 2539 895 2585 desint.

135 2617 193 2672 Qirid
214 2616 298 2662 faciant
322 2617 470 2662 ecclesiastici
493 2618 597 2672 iudices,
621 2631 686 2675 quum
709 2621 787 2665 alienis
817 2622 894 2685 oculis,

134 2697 207 2743 aliena
228 2698 272 2743 fide
297 2702 362 2756 atque
383 2697 502 2756 prudentia
525 2700 548 2744 in
570 2705 604 2744 tot
619 2700 687 2746 rebus
705 2706 770 2760 atque
795 2702 892 2760 negotiis

133 2784 246 2839 nequeant
259 2792 306 2824 non
321 2779 381 2824 uuae
395 2781 425 2835 Ἰ).

101 2861 146 2908 Sed
164 2860 216 2921 quid
231 2859 300 2905 iudet
331 2858 461 2907 Efficittune
476 2873 516 2906 eos
533 2866 555 2906 et
570 2862 629 2906 bene
646 2867 669 2906 et
683 2861 804 2920 prudentes
822 2875 891 2921 agere

80 3076 100 3127 1)
115 3078 183 3114 Cicero
197 3077 277 3115 Tuscul.
293 3076 366 3127 disput,

77 3147 100 3197 2)
115 3149 138 3189 L.
153 3152 175 3188 A.
191 3149 296 3187 Muratorii
311 3149 335 3185 de
351 3149 476 3199 ingeniorum
489 3151 627 3187 moderatione
645 3150 666 3189 iu
682 3150 793 3201 Religionis
806 3152 888 3204 negotio

117 3216 154 3256 lib.
168 3220 193 3257 11.
210 3234 227 3258 c.
242 3221 260 3259 5.
275 3221 323 3271 Aug.
340 3219 440 3261 Vindelic.
457 3221 513 3263 1779Ξ
529 3234 547 3273 p.
562 3220 606 3258 293.
