1979 3399
413 100 615 153 -oocff-

95 248 174 292 cturu's
190 248 247 301 erat,
265 256 322 302 quae
336 243 410 291 nullus
433 258 475 304 per
493 244 636 291 Germaniam
660 244 732 290 civilis
750 246 894 307 magistratus
912 256 957 289 un-

97 342 164 389 quam
182 327 281 371 facturus
298 326 353 372 est?
369 326 475 373 Austriae
492 328 615 387 imperator
631 326 740 387 Iosephus
756 327 833 373 Bullae
847 327 958 373 Dorulaus

96 423 125 456 ac
142 407 277 464 redcnrptor,
293 407 412 465 quaordo
430 408 562 455 lesuitarum
579 407 679 453 sublatus
696 413 746 465 est,
760 408 872 469 placetum
893 422 957 455 suum

95 504 141 537 non
159 489 281 536 concessit.
309 481 359 535 'Sed
375 489 453 535 id‘illc
469 490 520 535 unis
539 489 664 535 rationibus
682 490 778 550 politicis
800 490 904 536 inductus
921 491 959 536 fe-

95 570 133 628 eit,
149 570 210 615 nullo
227 570 332 630 prolecto
349 571 482 617 lesuitarum
498 584 584 616 amore,
622 571 678 617 Nam
696 584 828 631 quamquam
846 571 870 616 id
884 571 958 617 Breve

95 653 138 697 rite
154 656 179 698 ut
193 652 338 712 evulgaretur
352 665 400 698 nou
420 652 641 709 concedebat;·ordo
657 652 791 698 lesuitarurn
805 653 829 698 in
844 653 893 699 eius
910 655 959 698 ter-

96 733 129 777 ris
145 736 221 778 tauren
239 731 339 778 sublatus
357 724 398 778 est.
466 750 468 761 τ
846 793 849 797 ¹

137 844 138 847 =
158 812 205 860 Sed
222 815 241 858 si
255 827 334 858 rerum
352 819 427 871 esset,
445 813 605 858 Hermesiauos
622 825 650 858 ea
662 814 816 859 vericusatIone
832 815 884 872 niti,
898 814 958 873 quod

65 890 67 893 ’
95 895 169 941 Breve
187 894 338 954 publice'uon
355 894 482 954 evulgatum
500 895 540 951 sit,
555 886 608 939 num
624 908 651 939 oa
668 908 693 939 re
710 895 815 940 delictum
832 898 977 951 committe-¹

96 976 166 1022 renti
208 975 259 1022 Non
282 975 371 1033 quidem
397 966 487 1020 difficile
513 975 572 1020 foret
587 975 625 1020 'ad
641 975 829 1035 ostendendum,
853 976 898 1021 hoc
913 966 959 1021 il'fis

97 1057 199 1117 quamvis
215 1055 281 1101 bonis
299 1055 429 1113 catholicis,
446 1069 487 1102 suo
505 1057 581 1113 iure,
594 1056 613 1101 si
630 1062 676 1100 non
692 1058 783 1115 utrique,
800 1062 863 1102 certe
878 1059 901 1102 in
917 1057 959 1103 hac

98 1152 125 1184 re
141 1138 211 1198 licere
219 1153 225 1193 3
242 1137 291 1182 sed·
300 1143 325 1182 ut
341 1138 387 1183 hoc
401 1151 515 1197 exponere
530 1138 734 1196 supersedeamus,-
744 1140 868 1198 exenrplum
886 1140 961 1199 quod-

100 1221 152 1266 dam
170 1220 326 1278 proferemus,
356 1220 481 1278 quocitius
504 1218 533 1264 ad
550 1219 581 1264 id
598 1218 657 1277 quod
676 1220 746 1265 'nobis
764 1221 902 1279 prepositure
927 1225 962 1266 est

101 1300 246 1347 accedamus.
264 1299 341 1344 >Bulla
357 1299 467 1344 Dominus
484 1313 513 1345 oc
530 1300 670 1357 redemptor,
688 1315 730 1360 qua
748 1314 845 1347 sumnms
860 1301 962 1361 pontifex

101 1381 204 1427 Clemens
222 1380 273 1424 XIV
290 1380 392 1424 ordinem
409 1380 540 1425 lesuitarum
559 1381 661 1436 sustulit,
677 1395 723 1427 non
740 1383 762 1427 in
781 1382 883 1427 omnibus
901 1383 960 1427 civi-

100 1462 187 1507 tatibus
203 1460 315 1519 placetum
332 1461 418 1519 regium
435 1465 507 1505 nacta¹
520 1465 561 1504 est.
593 1460 726 1506 Nominatim
742 1463 765 1507 id
780 1469 908 1508 recusatum
927 1467 961 1508 est

100 1544 123 1589 in
139 1541 262 1588 Borussial
296 1540 342 1585 lam
365 1540 418 1600 quid
437 1539 533 1586 lesuitae
550 1540 667 1586 fecerunt?
700 1542 775 1587 Palam
789 1542 887 1600 prot'essi
904 1546 961 1597 sunt,

100 1625 182 1671 Brevia
198 1622 329 1682 papalia-in
347 1623 375 1666 iis
392 1623 467 1679 terris,
485 1622 508 1666 in
526 1622 606 1680 quihus
621 1635 667 1666 non
684 1622 789 1681 evulgata
801 1627 883 1679 essent,
901 1622 962 1667 nulla

101 1706 125 1749 ri
141 1716 209 1759 esse;
226 1701 302 1761 magni
320 1703 513 1759 aestimaverunt,
530 1702 590 1761 quod
605 1716 646 1746 rex
662 1702 825 1759 Borussorurn,
844 1701 904 1760 quod
918 1688 963 1746 im-

103 1783 203 1843 peratrix
219 1782 359 1837 Russorum,
377 1780 437 1839 quod
453 1780 477 1824 hi
496 1780 617 1825 acatholici
632 1781 743 1839 placetum
761 1794 824 1826 suum
838 1794 963 1825 recusare-

105 1868 169 1919 runt3
192 1861 306 1919 hodieque
329 1873 399 1905 voces
416 1858 528 1904 Faddera'cc'
545 1859 623 1918 lllopnt'
645 1860 693 1906 fere
713 1863 737 1907 in
763 1862 860 1906 omnium
879 1874 963 1906 >eorum

105 1957 146 1988 ore
162 1955 214 1988 esse
232 1942 313 1997 solent,
330 1941 367 2000 qui
383 1940 477 1984 lesuitas
493 1939 650 1985 defendendos
667 1942 731 1986 inse
748 1941 882 1999 suscipiunt!

200 2021 340 2081 „Admiror',“
358 2021 446 2079 collega
463 2021 578 2066 societatis
594 2021 646 2066 Iesu
663 2023 748 2076 scribit,
765 2023 827 2080 „vias
839 2020 964 2080 providen-

149 2109 152 2114 '
197 2104 245 2147 tiae
264 2102 371 2157 divinae,
398 2114 455 2158 quae
472 2101 576 2145 societati
595 2113 651 2146 suae
673 2107 717 2146 tarn
730 2103 856 2147 crudeliter
872 2116 884 2146 a
902 2101 964 2145 falsis

198 2188 221 2226 et
237 2183 324 2226 iniustis
342 2180 458 2226 catholicis
483 2181 625 2225 corrssictatae
650 2182 708 2240 apud
723 2184 859 2241 principes,
882 2182 919 2239 qui
935 2181 963 2225 ab

197 2262 299 2306 ecclesia
322 2275 400 2326 eorum
423 2261 561 2317 abhorrent,
585 2260 760 2306 sustentaculum
786 2265 808 2305 et
829 2259 965 2319 praesidium

201 2338 324 2386 conciliare
341 2343 418 2400 potuit.
439 2340 508 2385 l'roh
524 2340 609 2399 pudor,
632 2353 679 2385 non
695 2341 825 2398 ecclesiae,
849 2353 921 2398 quae,
941 2345 965 2385 ut

200 2422 244 2465 iam
262 2423 364 2479 apparuit
382 2426 404 2464 et
421 2421 493 2479 magis
511 2421 577 2464 etiarn
595 2422 729 2477 apparebit,
755 2433 768 2464 a
785 2420 849 2479 culpa
865 2422 964 2467 infinitae

201 2499 266 2543 huius
282 2499 379 2542 malitiae
397 2498 469 2541 libera
485 2502 526 2553 est,
537 2497 578 2540 sed
594 2498 687 2542 istorum
702 2500 847 2558 nefariorum,
866 2494 908 2560 qui¹
919 2515 965 2546 no-

166 2611 168 2613 .
201 2592 254 2624 men
270 2591 334 2623 suum
357 2581 418 2621 tanto
442 2576 562 2637 sacrilegio
584 2577 760 2625 diffamaverunt.
803 2582 874 2635 Quam
897 2583 965 2641 pudet

133 2694 135 2696 -
179 2682 181 2691 =
202 2659 294 2715 videre,
312 2658 465 2702 innocentiam
481 2658 559 2703 melius
577 2660 671 2719 agnosci
688 2659 803 2716 Berolim',
826 2662 965 2721 Peli-olimpi,

171 2773 173 2776 f
196 2754 268 2799 quam
282 2740 368 2784 Romae
377 2739 396 2783 l«
412 2745 431 2794 ¹]

111 2848 113 2850 ·
169 2836 378 2895 eromodocunque
402 2835 430 2880 de
455 2833 541 2879 sublato
568 2833 699 2894 lesuitarum
724 2840 803 2885 ordine
822 2840 964 2896 iudicabitur,

107 2918 130 2963 id
141 2909 230 2976 quidem
245 2916 340 2961 dubitari
356 2915 440 2974 nequit,
455 2914 622 2978 inquisitionem
640 2916 699 2963 illam
713 2918 782 2979 longe
800 2920 926 2979 diligentius
943 2925 966 2965 el

107 2998 291 3057 ‘circumspectius
310 2998 422 3042 actitatam
438 2992 490 3040 esse
506 3008 571 3054 quam
593 2997 759 3056 inquisitionem
780 2999 889 3045 adversus
906 3001 965 3045 Her.

940 3097 950 3117 θ.

151 3226 170 3275 l)
185 3224 282 3262 Meruoria
298 3226 397 3263 catholica
413 3232 450 3267 etc.
467 3238 487 3276 p.
506 3224 548 3261 tal.
