1979 3399
381 135 416 145 *-
459 112 585 165 177*

145 260 183 307 „sa
200 248 228 294 ad
243 253 338 294 mentem
355 250 453 295 arrctoris
469 254 537 294 totam
554 260 611 309 opus
627 247 712 294 indicio
726 246 840 294 eeclesiae
851 248 907 295 sub-

143 331 235 376 iiaei·e.“
288 354 290 356 ·

50 410 96 459 Sed
113 413 136 456 in
152 412 195 457 hao
211 417 288 457 nostra
305 424 387 468 eausa,
401 416 425 456 ut
442 411 567 455 certissime
584 416 682 469 constat,
704 408 759 456 nihil
776 422 853 455 eorum
871 409 909 454 fa-

51 498 110 539 otum
128 497 177 550 est,
188 505 251 550 ¹qnae
269 492 397 536 constitutio
414 496 465 539 ante
483 496 606 537 marmorata
622 498 644 536 et
660 496 721 549 optat
733 489 908 549 etpraesoribit.

113 573 195 619 Sedem
211 572 334 617 Romanam
351 574 412 617 serio
423 576 454 631 set
470 571 548 616 sedulo
567 586 622 617 sane
636 574 660 617 in
674 572 717 617 liae
734 585 803 618 eausa
821 573 906 633 egisse,
952 595 955 602 ·

51 653 118 697 etiam
134 651 157 696 id
174 657 329 713 argumentum
340 655 381 708 est,
399 650 459 710 quod
471 664 484 695 a
494 651 548 695 viris
566 652 637 696 doctis
646 653 779 699 'theodiseis
794 668 906 713 responsa

51 731 181 792 postnlavit.
212 731 266 784 Qiris
281 743 337 776 vero
355 742 438 788 aequus
453 743 528 774 rernm
545 729 615 775 iudex
636 731 721 777 Romae
733 734 788 777 vitio
808 739 904 778 reiten-

40 813 106 859 -dum
118 817 193 872 putet,
209 811 271 871 quod
294 812 317 856 in
340 810 383 856 liae
401 812 473 857 reita
491 817 587 870 egerunt
605 812 683 871 qriibus
705 815 729 858 id
753 813 839 873 negotii
862 814 905 860 da-

53 902 100 943 tum
118 901 183 953 erat,
201 900 225 939 ut
242 893 342 939 consiliis
358 907 375 939 s.
393 894 454 938 sedis
472 895 561 938 omnino
574 900 734 954 repugnarent.
766 895 833 940 Istam
849 896 907 941 enim

51 976 145 1035 culpam⁷
161 988 226 1034 quam
243 976 265 1019 in
283 988 307 1019 se
324 975 414 1019 admisit
429 976 519 1019 inintins
530 974 680 1033 Monacensis,
699 989 776 1021 eomes
793 976 907 1036 (tuingen-

53 1063 118 1115 teau,
136 1056 173 1115 qni
189 1057 256 1100 armis
273 1056 378 1114 sepositis
395 1069 447 1100 sero
464 1055 583 1101 admodum
598 1055 627 1101 ad
643 1071 717 1102 rerum
735 1057 908 1102 ecelesiastica-

51 1130 100 1185 rum
116 1138 190 1185 simlia
205 1139 274 1192 venit,
292 1137 343 1181 dum
358 1150 468 1196 respousa
484 1139 563 1196 petivit
580 1139 607 1183 ah
624 1139 666 1196 iis,
684 1139 722 1197 qui
735 1139 759 1183 in
776 1138 819 1183 liae
837 1152 906 1184 cansa

52 1221 80 1266 ad
96 1217 351 1279 respondendumplaue
362 1231 408 1263 non
425 1218 469 1277 apti
485 1222 568 1275 essent,
584 1231 634 1263 eam
649 1219 739 1263 minime
749 1220 907 1278 praestandam

51 1300 120 1345 habet
135 1312 153 1344 s.
170 1298 237 1343 sedes
254 1297 362 1343 Romana.
395 1296 466 1344 Sedes
483 1296 583 1342 Romana
600 1311 655 1343 sane
670 1298 784 1345 hominem
802 1307 847 1346 tam
863 1315 907 1347 va-

51 1381 109 1427 rium
124 1386 147 1425 et
163 1378 298 1437 mutabilem,
316 1378 387 1438 qualis
397 1377 610 1425 Windisohmannus
626 1393 668 1438 per
682 1385 751 1426 totam
765 1384 832 1427 vitam
844 1396 907 1427 suam

50 1463 132 1520 luerat,
149 1459 284 1507 sententiam
299 1459 359 1504 haud
375 1463 481 1519 rogatura
499 1464 554 1505 erat.
586 1461 635 1505 Non
653 1463 781 1509 consultura
798 1470 847 1508 erat
861 1464 907 1508 la-

51 1546 146 1602 minam,
168 1543 204 1603 qui
226 1542 277 1586 olim
303 1542 375 1586 tristia
398 1540 551 1586 materialismi
571 1541 653 1601 placita
668 1548 767 1589 sectatus
784 1550 847 1602 erat,
872 1547 908 1591 eui

52 1639 128 1672 rerum
149 1628 229 1669 nat-ura
249 1623 304 1668 nihil
329 1627 379 1668 erat
394 1622 439 1667 uisi
454 1628 592 1679 praestruam
607 1623 668 1682 qiiod
692 1625 767 1669 omnia
787 1627 909 1671 devoraret

53 1718 186 1765 semperque
201 1705 322 1749 ruminaret
330 1720 336 1760 3
360 1717 408 1748 non
422 1703 550 1749 consultura
568 1709 616 1748 erat
634 1703 763 1762 hominem7
778 1708 816 1765 qui
833 1721 908 1766 ‹pion-

55 1786 106 1832 dam
121 1786 240 1845 Spinonem

147 1868 234 1927 „oirnm
248 1870 350 1912 sonetum
366 1871 387 1911 et
403 1864 548 1926 theologiam,
565 1878 622 1926 quae
634 1865 699 1912 ileum
710 1881 809 1926 persona
828 1883 911 1915 saren-

146 1954 191 1992 tem
206 1947 266 1993 haud
282 1947 384 2004 adiuittit,
399 1946 510 1991 tatarorum«

54 2029 219 2089 appellaverat,
243 2029 280 2088 qni
297 2029 319 2073 in
338 2040 366 2071 eo
383 2027 441 2072 libro
462 2028 499 2086 qui
513 2032 548 2072 est
562 2027 590 2072 de
604 2027 662 2072 ideis
678 2029 707 2072 ad
720 2026 836 2087 physicam
855 2045 909 2090 spe-

55 2112 181 2171 ctantibus,
203 2111 277 2171 impiis
299 2110 389 2155 ommno
414 2115 437 2154 et
458 2093 582 2168 sacrilegis,
599 2108 702 2166 scripsit,
727 2109 787 2154 launo
812 2113 908 2157 eundem

53 2191 133 2247 librum

148 2270 244 2332 „loetum
262 2274 315 2317 esse
328 2268 445 2316 diuturnae
461 2272 484 2315 et
498 2272 599 2314 maturae
615 2266 778 2329 cogitationis,

55 2351 93 2409 qui
108 2350 157 2409 ipse
175 2348 276 2393 confiteri
291 2352 384 2392 coaetus
401 2350 442 2400 est,

149 2443 187 2488 „se
205 2442 246 2489 per
261 2428 351 2474 scholas
370 2427 454 2473 erroris
472 2425 564 2485 ivisse“‚

58 2513 147 2571 quique,
163 2525 212 2556 oum
228 2512 272 2555 iam
289 2524 330 2569 per
343 2510 386 2559 has
399 2507 502 2567 „scholas
521 2511 605 2559 erroris
622 2510 694 2558 iverat
711 2516 733 2558 et
747 2515 848 2561 veritatis
862 2531 908 2576 po·

55 2594 146 2637 tentiam
163 2596 286 2648 senserat&
301 2596 376 2636 tamen
392 2590 463 2636 verba
479 2590 534 2636 feeit

151 2672 191 2731 „de
200 2675 310 2729 potestate
322 2666 484 2727 ecelesiastica,
493 2683 550 2729 quae
561 2671 627 2717 nimis
638 2674 696 2717 male
706 2681 810 2733 grassata
824 2683 907 2738 essee,

57 2754 94 2812 qui
108 2754 178 2800 rerba
194 2751 248 2796 lecit
264 2750 292 2795 de
307 2749 475 2807 sacerdotibus,

104 2845 106 2848 ⁴
149 2834 199 2892 „qai
212 2833 286 2877 botros
306 2843 381 2875 mores
406 2835 429 2874 et
451 2827 598 2891 disciplinam⁷
617 2830 728 2891 aruiqnam
744 2835 906 2895 simplieitatem

149 2920 171 2960 et
185 2915 289 2973 pietatem
307 2910 433 2972 diligentius
451 2917 473 2957 et
487 2915 611 2958 accuratius
628 2912 745 2969 coluerint,
764 2930 828 2974 quam
845 2919 908 2964 irrrdti

154 2994 235 3040 sumini
249 2993 365 3051 pontifices
382 2992 498 3036 tartareas

59 3073 129 3122 Sedes
153 3075 276 3135 apostolica
298 3086 344 3117 non
361 3072 489 3118 corisultura
505 3078 552 3118 erat
568 3072 693 3129 hominem,
711 3073 748 3132 spii
764 3072 863 3135 loquitur
880 3080 908 3126 de

150 3156 285 3215 „acerbitate
302 3152 413 3211 nimiaque
432 3154 522 3198 omnino
539 3151 604 3197 tutela
622 3154 748 3209 systematis
766 3156 910 3219 hierar-olrici,

152 3248 195 3295 qua
210 3235 305 3282 inanime
320 3230 439 3280 Theodisei
454 3232 527 3293 pressi
543 3232 652 3288 suerint&

727 3323 761 3375 12
