1979 3399
402 47 585 101 ...47-

64 201 151 248 norma,
165 189 252 250 regula,
270 191 369 236 criterio.
397 190 490 236 Unicum
509 191 563 236 dicit
580 191 624 236 boc
641 200 693 236 esse
710 188 824 233 criterium
840 192 862 233 et
877 201 922 248 ge-

66 271 154 329 nerale,
171 277 195 317 ut
211 272 238 317 ad
256 286 334 317 omnes
347 273 496 331 cognitiones,
513 272 562 316 sire
578 285 607 317 cx
625 271 669 316 boc
686 269 736 315 sive
752 283 782 314 ex
798 268 842 313 alio
859 268 921 313 sonte

62 354 209 411 manaverint,
226 355 332 413 applicari
347 358 420 412 queat.
443 353 517 396 vPonit
533 358 605 396 alitem
622 353 644 396 in
660 350 783 396 evidentia.
813 350 855 395 Per
871 351 921 394 cri-

66 433 163 480 dcutiam
181 441 255 479 tamen
270 447 317 477 non
336 433 439 491 intelligit
453 432 483 487 id,
500 431 559 488 quod
575 431 642 489 vulgo
658 432 794 491 intelligitur,
809 444 854 475 non
873 430 921 474 cla-

62 515 150 561 ritatem
167 519 189 559 et
210 514 392 573 perspicuitatem
410 511 564 570 cognitionis,
586 511 626 555 sed
642 512 685 556 tale
704 512 832 571 quidpiam,
858 512 918 570 quod

62 595 129 655 plane
154 596 269 653 conspirat
291 607 341 638 cnm
366 592 457 637 criterio
481 591 620 635 certitudinis
646 592 673 635 ab
696 592 813 637 Hcrrnesio
836 594 918 651 posito.

63 674 128 727 Qtrod
146 687 175 719 ne
193 679 277 719 temere
288 674 363 718 elicere
380 672 503 727 vincamur,
519 670 592 729 placet
609 671 735 729 complures
748 671 812 716 locos
829 673 918 716 exscri-

61 753 124 801 bere.
151 755 204 814 Peg.
222 753 259 800 ab.
279 754 293 798 l.
312 768 331 798 o.
349 754 383 798 sie
400 753 478 798 scribit
493 752 651 798 Dmonsbius:
671 751 708 810 ,ln
724 751 843 806 euiclentie,
859 752 920 797 iuxta

62 825 238 882 communiorem
258 839 280 878 ct
294 834 407 879 veriorem
423 830 606 891 pbilosophorum
625 831 765 889 doctrinam,
787 832 917 891 generalem

61 918 121 963 lianc
136 917 237 962 veritatis
252 929 354 961 normam
369 926 520 975 reponemus,
536 914 598 973 prius
615 919 697 972 tamen,
713 921 738 960 ut
755 915 920 960 difficultatibus

62 998 135 1043 aditus
148 998 313 1056 praecludatur,
331 997 465 1041 euidentiam
481 997 504 1040 in
522 1002 630 1041 concreto
647 999 779 1055 spectando,
795 998 848 1042 nibil
861 999 919 1043 alind

62 1090 114 1123 esse
133 1078 235 1135 dicimus,
251 1078 296 1121 nisi
312 1078 439 1121 recinentem
455 1077 552 1121 rationis
566 1081 660 1122 acastrne
676 1077 857 1135 dispositionem,
874 1093 920 1136 qun

60 1158 92 1215 W>
108 1162 133 1201 nt
146 1157 229 1215 positis
244 1157 377 1214 quibusdem
394 1156 507 1201 adiunctis
525 1161 577 1214 (sen
593 1157 660 1212 cleto,
685 1158 745 1214 qnod
761 1160 835 1204 nicetio
850 1166 920 1204 arctit-

60 1238 122 1282 rnliu
137 1237 275 1282 certitudinis
292 1238 334 1282 rite
351 1237 548 1294 adhibuerimus),
575 1238 606 1282 cd
628 1238 662 1282 sic
679 1242 699 1281 et
714 1253 759 1283 non
775 1241 842 1284 aliter
858 1241 918 1285 incli-

62 1319 158 1363 ennduan
175 1331 207 1362 cc
214 1331 324 1376 porrecte,
340 1317 385 1361 nisi
399 1317 445 1375 ipsi
460 1317 609 1362 rationalitati
619 1317 721 1361 narcoticum
731 1318 844 1364 rentittere
860 1321 919 1364 neli-

60 1413 117 1445 tnns.
155 1399 210 1444 lbid.
229 1401 251 1444 in
267 1403 320 1443 riola
337 1396 396 1442 baec
411 1397 527 1456 leguntur:
553 1398 623 1454 „Hinc
650 1398 757 1456 colliges,
780 1401 916 1445 evidentiam

60 1486 160 1526 nostram
177 1481 201 1524 in
218 1485 269 1523 actu
285 1479 459 1535 corrsideratarn,
475 1479 601 1523 consistere
617 1479 640 1522 in
657 1479 742 1523 rellcxa
753 1480 857 1524 rationali
872 1494 916 1523 co-

59 1563 162 1619 actione,
186 1574 204 1605 s.
223 1560 302 1605 melius
325 1557 465 1602 convictione
484 1557 570 1614 [italice
594 1556 781 1613 corintnctmenn)
801 1557 829 1602 de
845 1559 916 1603 reali-

58 1648 104 1688 tate
130 1642 268 1687 certitudinis
285 1641 410 1700 acquisitae
434 1645 512 1699 [quam
533 1639 710 1683 concinctioncrn
734 1645 795 1683 certo
812 1653 858 1684 non
873 1654 916 1684 ex-

58 1725 164 1783 perimur,
178 1722 231 1767 licet
247 1722 383 1767 euidentiam
400 1723 423 1772 in
440 1734 516 1778 causa,
530 1733 571 1766 scu
589 1721 684 1765 naturali
700 1721 855 1780 dispositione,
871 1721 916 1765 lra-

59 1805 167 1860 beamus,
188 1803 231 1848 nisi
248 1793 387 1848 reflectendo
406 1802 434 1847 ad
453 1815 495 1848 nos
511 1807 534 1848 et
550 1802 673 1860 adiuncta,
696 1801 719 1846 in
737 1801 815 1862 quibus
833 1815 915 1848 versa-

34 1905 36 1909 ·
60 1889 141 1942 murti
173 1883 201 1929 Et
217 1896 269 1943 pag.
286 1883 337 1930 42:
354 1882 489 1942 „Omnium,
510 1885 548 1943 qui
570 1884 597 1930 de
621 1883 666 1930 hoc
689 1885 773 1929 motivo
797 1884 916 1929 statuendo

60 1966 189 2024 disputant,
214 1949 316 2022 iudicio,
341 1964 408 2011 laonio
430 1967 453 2010 ri
471 1966 587 2011 rationalis
609 1980 664 2011 suae
680 1971 774 2011 naturae
791 1968 814 2011 in
831 1972 915 2011 certam

58 2046 108 2088 reri
125 2045 277 2103 coguitionem
294 2044 372 2088 tendit.
410 2046 484 2089 Debet
501 2047 568 2103 igitur
584 2046 669 2090 habere
684 2046 730 2089 tale
747 2047 846 2090 ultimum
862 2061 916 2090 mo-

58 2124 126 2166 tivum
144 2136 162 2167 s.
178 2123 286 2181 regulam,
303 2136 360 2180 (prae
376 2123 510 2168 intellectum
528 2125 556 2168 ad
572 2126 738 2169 assentiendum
755 2126 915 2171 invincibiliter

44 2247 46 2251 ,
59 2208 133 2261 cogat,
148 2218 207 2262 quae
224 2206 253 2248 sit
263 2205 305 2262 ipsi
320 2205 446 2249 immediate
459 2206 567 2264 applicata
584 2211 606 2250 et
617 2206 750 2265 probatione
763 2212 910 2268 1101119111,α

57 2284 222 2344 Εῐ’1111ς.43.;
240 2286 444 2346 „Percuidcntiam
469 2300 516 2332 non
538 2287 680 2347 intelligimus
699 2287 822 2333 claritatem
840 2303 913 2347 quan-

58 2365 109 2410 dam
127 2368 149 2411 in
166 2372 240 2412 mente
254 2373 332 2422 nostra
352 2370 388 2415 vel
412 2370 434 2414 in
453 2371 520 2415 rebus
538 2371 610 2430 ipsis,
635 2371 695 2416 unde
710 2384 747 2416 res
765 2371 832 2416 etiam
848 2372 871 2416 in
888 2385 914 2417 sc

58 2445 170 2491 obscurae
187 2447 231 2492 dici
245 2452 339 2505 possunt
355 2449 472 2494 evidenter
490 2455 582 2507 certae,
598 2452 775 2509 quotiescunque
793 2453 846 2496 talia
862 2466 914 2497 nro-

57 2527 104 2572 tira
120 2541 158 2573 eas
176 2529 325 2588 comitantem,
350 2535 373 2575 nt
389 2531 474 2576 animus
492 2532 521 2577 ad
536 2533 569 2578 sic
586 2538 608 2578 et
624 2547 670 2579 non
688 2533 752 2580 aliter
770 2534 912 2579 iudicandum

58 2608 137 2652 saltem
153 2609 267 2653 moraliter
283 2617 390 2670 cogatur,
413 2613 530 2671 omnisque
547 2615 632 2658 erroris
648 2620 671 2659 et
690 2614 751 2659 dubii
765 2615 792 2659 de
810 2616 912 2674 opposito

57 2689 179 2745 periculum
204 2689 342 2737 excludatur.
360 2726 365 2736 .
382 2727 409 2738 ..
451 2694 487 2738 Ad
513 2695 668 2741 certitudinem
688 2696 825 2756 gignendam
848 2695 912 2739 sulfi-

60 2767 120 2814 ciunt
136 2771 237 2816 rationes
261 2773 327 2817 etiarn
349 2776 490 2821 extrinsecae
516 2791 632 2822 assensum
657 2782 831 2835 extorquentes,
854 2776 912 2820 sicut

59 2850 141 2895 accidit
158 2851 217 2896 circa
233 2850 308 2910 plures
325 2867 413 2913 quoqne
429 2857 542 2912 naturales
558 2858 671 2913 veritates,
689 2863 711 2901 et
727 2859 787 2901 circa
803 2856 855 2899 fidei
865 2869 911 2898 not

58 2933 118 2973 strae
136 2933 254 2990 mysteria,
271 2932 298 2976 ad
315 2948 372 2992 quae
392 2936 528 2982 admittenda
543 2952 588 2982 non
602 2937 711 2995 pbpsicc,
727 2936 768 2981 scd
785 2936 910 2991 rtacrnliter,

58 3008 145 3054 scilieet
164 3012 185 3055 si
198 3012 322 3069 praetentet
340 3027 407 3071 apere
424 3017 526 3071 relicinus,
544 3018 644 3076 cogimur
660 3029 700 3074 per
712 3017 840 3069 extrinseca
857 3032 909 3062 ore-

58 3087 171 3136 dibilitatis
188 3094 278 3149 motiva,
294 3107 351 3152 quac
360 3097 467 3142 moralem
484 3100 575 3157 proprie
587 3098 666 3143 dictam
675 3096 831 3143 certitudinem
841 3114 909 3159 prae,

57 3165 122 3226 beni,
147 3173 285 3234 suadentque
302 3175 390 3234 quidem
406 3192 454 3224 rem
471 3180 501 3226 ita
519 3193 585 3237 csse,
604 3179 764 3229 obscuritatem
780 3185 853 3229 tanton
870 3182 908 3229 in-
