1979 3399
402 99 436 111 -
475 36 607 123 314*-

139 213 216 272 „llauc
239 216 314 256 tamen
334 223 441 268 oausam,
460 210 536 256 idest
561 209 591 254 ad
607 209 669 254 boba
694 207 797 260 creanda
813 191 938 259 bonitatem
960 270 962 274 ὗ

71 294 122 353 dei,
138 294 197 339 liano
214 293 303 349 iuquam
320 303 411 335 causam
428 295 474 335 tam
492 291 573 335 iustam
589 293 657 347 atque
673 289 796 346 idoneam,
811 302 870 347 (prae
887 290 940 334 dili-

75 379 157 436 genter
174 371 318 419 considerata
335 375 357 415 et
372 373 410 430 pie
427 372 526 432 cogitata
543 383 622 416 omnes
640 369 809 416 controversias
827 381 942 428 quaeren-

75 457 129 501 tivmr
147 453 225 499 mundi
241 453 353 513 originem
368 454 481 511 terminat,
499 452 589 512 quidam
604 450 715 496 baeretici
725 462 772 496 non
783 448 900 495 videruntss
909 451 940 505 1).

138 533 179 592 ,lit
195 533 257 578 Plato
270 531 361 593 quidem
378 531 428 592 plus
446 545 513 579 ausus
531 536 566 577 est
581 531 674 576 dicere:
691 530 774 576 elatum
790 542 842 574 esse
852 528 942 574 scilieet

77 614 144 659 deum
161 613 254 673 gaudio,
270 612 347 659 muudi
366 614 513 659 universitate
524 611 633 671 perlecta.
666 610 708 655 Ubi
721 615 742 655 et
754 612 802 669 ipse
814 623 860 654 non
870 622 941 669 nsque

76 693 136 740 adeo
162 692 289 753 desipiebat
310 698 334 739 ut
357 698 447 753 putaret
471 692 537 739 deum
561 692 635 751 operis
658 692 760 737 novitate
784 690 868 736 lactum
883 690 942 735 bea-

78 774 175 819 tiorenr⁴
188 776 218 831 2).
894 775 896 779 ’

138 852 161 900 S.
173 851 314 899 Hilarius
330 852 345 897 P
356 852 556 898 ictaviensis:
573 851 615 909 ,At
628 850 765 910 priusquam,
779 852 828 908 quis
839 852 882 898 iste
894 850 942 896 irae

79 945 155 979 sermo
180 938 203 979 et
218 947 277 993 quae
292 932 351 979 haec
369 933 532 994 indignationis
548 932 685 992 perturbatio
710 931 756 986 sit,
782 930 942 978 ostendamus:

79 1013 198 1060 admoneri
220 1012 324 1074 legentes
347 1019 414 1074 atque
431 1013 549 1060 audientes
566 1017 668 1073 oportet,
691 1026 720 1058 ne
737 1012 824 1071 aliquas
840 1012 944 1058 elomuta-

79 1095 154 1140 tiones
178 1097 324 1156 passionum,
354 1093 579 1155 perturbationesque
601 1099 701 1141 motuum
726 1093 809 1139 eadere
830 1095 853 1138 in
877 1093 943 1138 deum

83 1176 186 1223 credant.
218 1177 297 1236 Neque
321 1177 381 1221 enim
403 1178 565 1222 incolendam
582 1176 643 1221 illam
665 1179 688 1220 et
704 1175 827 1234 perfectam
842 1180 944 1219 naturam

83 1268 167 1303 novum
184 1257 279 1302 incidit:
301 1270 376 1316 neque
394 1258 430 1316 qui
444 1258 474 1302 ita
490 1262 536 1315 est,
557 1261 581 1301 ut
598 1257 667 1316 quails
685 1263 732 1315 est,
750 1258 800 1303 talis
818 1262 841 1301 et
855 1268 945 1314 semper

82 1336 120 1393 sit,
134 1336 302 1395 nealiquaudo
321 1350 367 1381 uon
388 1321 449 1382 idem
465 1337 505 1394 sit,
530 1341 605 1396 potest
627 1336 686 1381 effici
708 1335 792 1395 aliquid
809 1336 869 1382 aliud
886 1348 945 1391 esse,

81 1429 148 1476 quam
165 1429 256 1476 semper
272 1421 314 1462 est.
347 1416 462 1462 Terrenae
477 1416 537 1463 istud
553 1417 744 1477 imperfectaeque
761 1430 844 1463 causae
861 1415 946 1461 babent

82 1498 192 1558 generis,
209 1503 234 1543 ut
251 1497 397 1543 demutabiles
414 1497 468 1543 fiant
485 1500 637 1544 conversione
654 1503 755 1556 naturae,
771 1511 821 1545 cum
839 1497 947 1543 laetitiam

82 1592 184 1637 moeror,
200 1579 373 1638 placabilitatem
387 1580 427 1636 ira,
443 1579 624 1625 benevolentiam
640 1579 734 1637 ollensa,
750 1579 946 1638 aequanimitatem

85 1659 171 1706 invidia
189 1664 211 1704 θῖ
228 1661 371 1705 securitatem
390 1659 510 1706 solicitudo
527 1661 649 1721 perturbat.
692 1663 816 1719 Sumusque
831 1674 872 1719 per
888 1649 947 1704 haec

84 1740 145 1787 aliud
160 1741 289 1800 aliquando,
306 1754 372 1800 quam
382 1742 473 1799 luimuS,
490 1755 540 1787 oum
558 1755 614 1797 earn,
631 1755 688 1799 quae
704 1753 814 1799 praeseus
831 1741 866 1796 sit,
879 1754 947 1783 ruen-

26 1878 28 1880 ι
85 1822 113 1866 ῖῖε
130 1820 274 1865 allectionem
291 1821 417 1879 subrepens
434 1833 475 1878 per
499 1822 672 1866 inconstantiam
689 1821 883 1879 infirmitatemque
902 1833 948 1864 no-

85 1905 155 1948 stram
170 1905 244 1946 motus
262 1901 404 1960 appetitionis
426 1901 517 1947 alterius
534 1903 658 1961 inquietet,
675 1908 698 1947 et
715 1915 744 1947 ex
761 1914 804 1958 eo,
826 1899 886 1960 quod
902 1900 948 1945 lni-

85 1994 142 2039 mus,
159 1981 183 2026 in
198 1980 231 2039 id,
248 1981 309 2039 qnod
325 1988 409 2039 sumus,
426 1979 547 2027 conversio
564 1995 606 2028 nos
619 1984 737 2041 repentina
748 1983 854 2028 demutet.
886 1982 948 2027 Dens

85 2067 160 2109 autem
174 2062 254 2108 beatus
271 2068 337 2124 atque
353 2063 467 2122 perfectus
485 2064 588 2124 proiectu
604 2078 651 2109 uon
669 2067 730 2125 eget,
749 2063 785 2108 cui
803 2062 859 2107 nibil
870 2061 947 2107 deest:

87 2144 240 2190 demutatione
253 2155 300 2188 non
311 2156 385 2188 novus
398 2148 439 2200 est,
456 2144 597 2203 quior-igine
613 2148 682 2189 caret.
709 2143 759 2202 lpse
774 2147 815 2200 est,
833 2143 877 2202 qui,
888 2141 948 2201 quod

87 2229 184 2271 estnon
202 2222 300 2281 aliunde,
317 2228 359 2280 est,
376 2225 399 2269 in
410 2237 463 2270 sese
479 2229 520 2281 est,
538 2237 614 2269 seeum
627 2229 668 2281 est,
685 2224 713 2269 ad
732 2236 757 2269 se
775 2227 816 2280 θεῖ,
834 2235 888 2268 serus
905 2223 948 2268 sibi

88 2311 137 2364 est,
162 2311 185 2351 et
199 2306 248 2365 ipse
263 2305 307 2350 sibi
323 2304 398 2350 onmia
415 2309 463 2361 est,
485 2316 566 2350 carens
583 2305 644 2351 omni
661 2305 814 2351 demutatione
830 2304 947 2348 novitatis:

89 2387 126 2444 qui
142 2385 198 2429 nihil
216 2384 288 2441 aliud,
313 2384 373 2443 quod
392 2386 416 2430 in
438 2398 463 2430 se
488 2390 566 2444 posset
581 2385 695 2444 incidere,
711 2399 752 2444 per
769 2385 807 2440 id,
822 2383 883 2442 qnod
900 2385 947 2442 ipse

89 2465 133 2517 sibi
150 2468 220 2509 totum
240 2468 300 2508 totus
316 2467 365 2519 est,
386 2464 482 2521 reliquit.
513 2464 548 2509 Ex
564 2465 629 2510 buius
646 2465 713 2523 igitur
731 2466 813 2523 optima
830 2477 857 2509 ac
873 2451 948 2509 bene-

88 2545 141 2591 vola
158 2543 306 2599 beatitudine,
320 2555 361 2601 per
377 2543 490 2587 dominum
506 2548 606 2588 nostrum
620 2544 694 2590 lestuu
706 2545 816 2591 Christum
831 2544 947 2603 per-lectae

89 2637 169 2672 omnes
187 2629 238 2669 sunt
256 2622 388 2668 coelestium
404 2626 427 2665 et
443 2621 587 2667 invisibilium
611 2624 746 2681 creationes,
763 2624 952 2683 spiritualiuruet

88 2703 240 2764 corporalium
265 2700 450 2748 constitutiones:
473 2713 520 2745 non
543 2706 567 2747 ut
588 2703 780 2762 proiectum-sibi
806 2705 903 2763 aliquem
919 2718 947 2750 ex

167 2919 240 2945 novam
257 2911 373 2957 quaereret:
394 2904 497 2956 probitate
516 2905 612 2946 videlicet
631 2909 754 2959 praestabat.
788 2908 864 2945 Probus
878 2916 946 2946 autern

165 2977 245 3014 invidet
258 2978 341 3016 rternini.
370 2979 442 3029 Itaque
461 2976 529 3013 orarnia
543 2978 581 3015 sibi
595 2980 668 3017 similia
686 2980 799 3031 generavit:
817 2979 868 3017 haee
885 2981 944 3018 ninniv

169 3060 213 3085 rum
222 3048 317 3097 gignendi
331 3049 401 3086 mundi
417 3061 476 3086 carisa
490 3048 619 3087 iustissimae

129 3116 148 3168 1)
165 3119 287 3167 Augrrstinus
301 3119 327 3157 tle
341 3120 423 3159 civitate
437 3118 471 3155 dei
486 3119 499 3156 l,
514 3118 540 3156 IX
556 3131 571 3156 c.
586 3121 618 3160 22.

129 3187 150 3238 2)
168 3186 218 3229 ibid.
232 3201 249 3226 c.
263 3190 296 3231 21.
