1979 3399
369 119 403 129 -
445 83 573 147 rst—

47 236 80 282 las
98 239 148 280 ante
163 240 252 295 paratas
268 236 310 282 sihi
328 236 473 295 disposuisse,
490 249 530 281 eos
547 241 598 280 ante
616 236 659 280 iam
676 233 705 280 de
721 232 789 278 rebus
805 233 900 292 agendis

47 318 191 364 consensisse
209 323 247 364 aut
262 319 368 363 continuo
391 332 403 363 a
425 317 626 362 ttsindisclnnanno
646 316 703 362 duce
719 314 846 375 praeceptis
864 315 901 358 in-

46 404 143 444 structos
160 413 218 455 esse,
234 411 319 457 cosque
338 398 418 443 eodem
435 398 471 441 die
486 410 529 456 qno
547 400 646 442 excessit
662 396 807 457 Spiegelius,
826 397 900 441 statim

47 480 187 537 consedisse,
204 492 276 523 noras
291 478 375 523 litteras
392 479 547 536 composuisse
560 478 696 537 Bonnamque
712 479 809 536 misisse,
826 490 901 523 norae

46 565 122 605 tamen
141 572 184 606 eae
208 559 333 605 delationes
349 560 442 605 Romani
465 564 583 619 antequam
603 561 760 618 peruenirent,
786 561 900 605 minimum

46 642 121 688 decem
138 641 216 686 diebus
233 654 288 700 opus
306 645 361 687 erat.
393 640 450 685 Hinc
467 641 631 686 consectarium
648 643 703 698 erit,
727 641 900 701 congregationi

46 722 214 781 inquisitionis,
236 721 323 766 etiamsi
340 721 446 766 continuio
462 725 514 778 po'st
527 719 612 765 litteras
630 735 642 765 a
660 736 726 766 cursu
739 722 827 780 publico
844 723 901 767 alla-

46 809 88 859 tas,
103 803 177 847 missis
194 803 277 847 ceteris
291 802 389 861 negotiis
406 801 516 858 omnihus,
527 800 556 846 ad
566 815 655 847 causam
664 803 830 848 llernresianam
850 804 901 850 arni-

46 899 105 930 nunn
122 883 272 943 advertisset,
295 883 446 943 quandraginta
461 883 548 928 dierum
570 884 664 942 spatium
682 884 710 929 ad
726 883 770 929 lroc
786 886 901 945 negotium

47 965 155 1024 reliquum
172 965 254 1010 luisset
286 966 340 1010 Item
358 965 523 1010 consectarium
546 965 604 1022 erit,
631 965 713 1025 exiguo
736 963 781 1009 hoc
802 970 901 1024 terrrpore

47 1047 107 1091 l'acta
123 1059 174 1091 esse
191 1046 280 1103 omnia,
306 1060 363 1105 quae
379 1045 499 1090 Perronius
515 1050 559 1091 tarn
575 1044 635 1090 hello
652 1046 745 1090 artificio
764 1046 902 1104 persuadere

46 1128 113 1174 nohis
129 1127 210 1182 studet,
228 1127 278 1171 dumi
297 1128 387 1172 scribit:

138 1209 224 1268 ,Causa
240 1211 285 1251 tarn
302 1207 362 1252 lente
380 1211 402 1251 et
419 1206 562 1252 considerate
579 1210 702 1265 processit,
719 1219 785 1266 quarn
800 1210 900 1268 grauitas

90 1337 91 1340 Ἴ
139 1289 188 1333 eius
212 1290 246 1333 rei
261 1289 394 1347 postulavit,
417 1288 511 1346 primunr
533 1294 638 1347 excerpta
660 1296 710 1334 sunt
733 1303 790 1348 quiae
815 1304 827 1335 a
846 1303 901 1337 vera

140 1369 242 1415 doctrina
259 1370 344 1415 absona
361 1368 501 1415 ridebantur.
533 1369 566 1414 Ea
582 1370 677 1415 fideliter
694 1384 812 1428 corrversa,
829 1386 900 1417 accu-

136 1453 247 1498 ratissime
270 1465 319 1496 curn
345 1456 451 1497 contextu
475 1452 578 1513 originali
605 1457 747 1511 comparata,
771 1452 822 1498 dein
849 1453 898 1497 aliis

137 1537 204 1580 etiarn
219 1533 331 1593 theologis
348 1533 377 1579 ad
389 1534 412 1578 id
429 1536 529 1580 euocatis
548 1535 685 1594 exploranda
699 1534 779 1579 tradita
794 1539 851 1580 sunt.
867 1562 898 1570 —

136 1611 196 1662 Sane
211 1615 297 1659 litterae
313 1614 396 1659 mIssac
413 1619 471 1671 suut,
487 1628 544 1673 quiae
558 1616 712 1673 postularent,
727 1620 751 1660 ut
769 1615 836 1674 aliqud
854 1615 897 1661 viri

87 1728 89 1732 Α
137 1709 178 1756 per
194 1694 336 1741 Germaniam
353 1697 470 1742 doctrinae
486 1696 545 1741 fairra
560 1695 731 1742 celebratissimi
754 1710 822 1755 opera
838 1698 898 1743 Her-

138 1777 203 1822 rnesii
221 1776 391 1836 diligentissime
410 1778 563 1822 examinarent
586 1790 671 1836 suaque
688 1778 716 1822 de
731 1790 758 1821 ea
775 1791 843 1823 carisa
858 1791 899 1823 re-

139 1871 221 1917 sponsa
238 1857 323 1903 darent.
360 1857 489 1904 Sententiae
510 1871 588 1902 eorum
610 1863 662 1917 post
689 1858 770 1903 iustum
790 1857 898 1916 temporis

138 1941 231 1999 spatium
248 1939 350 1998 singulae
370 1938 464 1985 Rolnam
484 1944 643 1998 pervenerunt.
665 1969 695 1975 -
721 1940 744 1986 S.
762 1939 830 1984 sedes
854 1941 898 1985 iarn

135 2021 163 2065 ab
180 2020 228 2065 aliis
245 2020 358 2080 theologis
374 2033 457 2066 novum
480 2034 574 2065 examen
597 2034 626 2064 ex
642 2023 730 2081 integro
746 2021 830 2065 institui
848 2022 898 2067 ius-

136 2101 171 2158 sit,
190 2101 252 2159 quasi
270 2100 341 2146 adhuc
358 2100 412 2145 nihil
429 2102 452 2145 in
468 2115 495 2146 ea
511 2114 578 2146 causa
598 2107 725 2160 susceptum
743 2106 833 2159 essetssg

105 2181 159 2226 llihi
174 2194 230 2226 uero
253 2182 273 2226 si
297 2196 324 2227 ea
343 2182 417 2228 onmia
435 2195 493 2241 quiae
515 2182 650 2227 aPerronio
674 2183 718 2227 hoc
739 2183 791 2228 loco
805 2188 895 2228 narrata

43 2265 93 2306 sunt
107 2274 193 2306 mecum
205 2266 282 2319 reputo
302 2267 367 2320 atque
384 2267 459 2307 mente
474 2262 575 2319 revolve,
593 2264 745 2321 qrraerendum
761 2276 812 2309 esse
829 2265 896 2310 ride-

42 2344 85 2399 tur,
101 2342 213 2400 quomodo
235 2343 284 2388 fieri
297 2344 401 2402 potuerit,
425 2347 449 2388 ut
467 2344 503 2388 uel
521 2344 544 2388 in
565 2356 651 2390 summa
666 2360 740 2391 rernm
757 2346 896 2405 agendarum

43 2422 157 2468 celeritate
175 2429 240 2481 atque
258 2424 408 2481 festinatione,
427 2425 493 2470 tantis
510 2426 612 2470 locorum
628 2425 738 2473 distantiis
750 2428 842 2474 Romam
857 2430 895 2474 in-

43 2505 78 2547 ter
101 2510 123 2549 et
138 2504 279 2549 Germaniam
303 2505 360 2551 haec
383 2507 457 2551 onmia
481 2507 628 2567 qnadraginta
649 2509 728 2555 (liebus
757 2511 896 2569 agerentur?

42 2581 97 2629 Nam
111 2598 244 2644 quaecunque
259 2600 295 2631 me
312 2589 386 2632 animo
409 2593 475 2646 atque
492 2589 629 2649 cogitatione
647 2595 783 2648 convertam,
799 2593 822 2636 in
839 2606 895 2652 gra-

42 2664 146 2711 vissimas
172 2665 311 2712 difficultates
335 2668 439 2725 incurro,
464 2682 521 2727 quae
547 2682 588 2728 qua
611 2672 699 2715 ratione
720 2671 766 2716 tolli
794 2673 894 2730 possint,

43 2756 116 2805 neque
132 2760 175 2807 ego
192 2746 258 2793 uideo
275 2760 348 2806 neque
366 2748 431 2793 alium
454 2762 584 2810 qurernquam
609 2752 646 2807 quii
669 2751 747 2796 harum
767 2764 842 2797 rerum
856 2754 893 2799 uel

42 2825 177 2875 levissimam
194 2830 295 2875 notitiam
310 2829 378 2873 habet
392 2829 470 2875 ridere
488 2836 548 2889 puto.
572 2831 611 2875 Est
630 2832 696 2890 igitur
712 2833 753 2876 alia
771 2833 828 2878 ratio
845 2835 893 2879 cir-

43 2912 225 2970 cumspicienda,
251 2925 294 2970 qua
316 2909 376 2969 qirod
399 2910 482 2957 facturn
504 2926 555 2958 esse
576 2926 589 2957 a
613 2912 719 2957 Peruenio
742 2912 836 2958 relatum
859 2920 894 2960 est

44 2992 155 3046 quorrrodo
171 2995 219 3040 lieri
235 2994 343 3052 potuisset
362 2998 399 3037 aut
414 2996 575 3053 perspiciatur,
599 2998 636 3037 aut
653 2999 714 3038 certe
731 2994 791 3052 [prod
807 2996 894 3054 proha-

42 3067 88 3115 bile
101 3073 173 3121 videri
190 3076 260 3135 possit
276 3073 381 3118 eliciatur.
414 3074 490 3134 ltaque
509 3076 572 3120 aliam
588 3072 646 3117 illam
661 3074 762 3120 Perronii
777 3078 894 3123 narratio-

43 3163 102 3213 nem,
118 3158 178 3203 iuxta
195 3170 259 3216 quam
276 3156 399 3214 exploratio
416 3158 548 3215 scriptorum
564 3154 674 3200 llenncsii
693 3157 737 3201 iam
756 3170 816 3204 anrro
834 3158 894 3205 1833

44 3231 128 3282 initium
146 3239 234 3297 cepisse
256 3242 278 3281 et
293 3238 343 3296 [erc
365 3237 421 3282 druos
440 3252 511 3284 cetratos
527 3236 623 3282 derrasse
640 3237 751 3297 traditur,
776 3239 893 3286 admittere
