1979 3399
399 110 602 157 -Qto-

75 259 102 291 ac
121 250 173 291 turm
195 244 281 290 libellos
296 245 364 290 Paulo
378 245 396 289 V
413 258 499 291 snrnmo
516 247 615 303 pontifici
634 246 746 292 enlribilus
763 252 797 293 est
814 261 879 306 quem
895 253 932 293 to-

73 332 117 371 tum
134 324 276 370 recitabimus
292 330 318 381 ¹).

133 405 169 461 ,Si
185 408 256 448 status
273 403 420 468 quaestionis,
436 404 537 463 inquiunt
554 404 590 449 isli
609 404 716 465 theologi,
731 406 869 465 inspiciatur,
885 419 931 452 non

72 490 116 529 tam
134 484 163 528 de
177 483 245 528 inodo
262 485 312 542 rei,
329 497 395 542 quam
412 484 441 530 de
456 484 480 530 B.
497 486 616 544 Augustini
638 491 660 529 et
677 486 703 531 D.
721 487 820 532 lhomae
837 493 932 532 senten-

71 566 102 609 tia
116 565 206 609 videtur
223 577 275 609 esse
295 564 459 609 controversia.
501 565 599 622 Utraque
623 565 681 609 enim
698 578 750 624 pars
768 565 861 611 duormn
879 565 932 610 illo-

71 657 120 689 rum
137 649 266 689 sanctorum
283 643 409 690 doctrinam
426 644 548 704 profitetur,
566 644 644 690 arrrbos
660 657 701 704 pro
720 650 816 691 sestare
833 651 932 691 conten-

72 724 119 781 dit,
145 737 223 769 corum
239 726 364 770 sententias
381 730 404 769 et
418 724 488 770 verba
505 724 623 784 diligenter
640 714 798 783 interpretatur
804 741 810 783 3
832 731 857 770 ut
873 739 932 784 quae

73 805 167 849 duorum
184 804 344 865 theologorum
359 809 457 850 mentem
474 810 624 864 assequatur,
648 805 788 851 contentioni
804 806 871 849 finem
888 806 932 849 im-

71 890 148 942 ponat.
166 883 242 944 Igitur,
261 886 280 930 si
296 899 373 930 rerum
386 884 505 931 dicendum
518 885 553 943 sit,
569 884 592 930 id
608 885 765 943 explicandum
775 889 931 940 restatunum,

72 965 126 1023 quid
142 965 186 1009 duo
202 963 332 1023 gravissimi
349 967 458 1021 autores,
476 967 504 1008 'et
525 963 651 1009 catholicae
677 964 790 1009 ecclesiae
815 963 931 1008 columnae

72 1050 96 1089 et
116 1048 257 1099 ornamenta,
274 1042 302 1087 de
318 1043 488 1101 quaestionibus
504 1043 625 1102 propositis
642 1045 762 1089 senserint.
791 1042 846 1097 Qaais
858 1047 932 1087 antean

74 1125 135 1170 dicct
149 1122 266 1182 pertinere
281 1122 312 1166 od
324 1122 402 1180 fidelia,
426 1121 480 1180 quid
495 1122 530 1167 bio
548 1127 589 1167 unt
603 1122 655 1180 ille,
671 1123 774 1185 querceis
789 1122 871 1180 insipat
888 1122 932 1165 do-

70 1204 146 1248 ctrino
162 1207 184 1247 et
200 1201 321 1246 sorcetitotc
336 1200 427 1258 cloacis,
443 1201 480 1245 cel
497 1201 667 1259 existimaverit,
683 1202 720 1246 oei
736 1199 856 1246 desuerit?
886 1198 931 1243 Res

71 1283 161 1341 quidem
177 1281 233 1340 ipsa,
249 1292 315 1338 quam
331 1280 355 1323 bi
373 1280 417 1324 duo
433 1279 535 1340 theologi
551 1281 710 1338 tradiderunt,
725 1280 748 1326 id
764 1281 817 1326 fidei
833 1279 931 1324 fortasse

70 1362 183 1407 obiectum
205 1364 310 1419 spectare
326 1364 439 1417 utcunque
455 1364 530 1418 potest
539 1375 545 1415 ;
567 1359 637 1405 fuisse
653 1366 726 1405 autem
746 1360 797 1405 illos
813 1359 878 1403 hrrins
894 1356 931 1403 vel

70 1441 129 1486 illius
146 1440 290 1497 sententiae,
306 1440 351 1485 nisi
368 1441 511 1498 exipsorum
530 1439 636 1499 scriptis,
660 1439 709 1484 sive
725 1439 858 1494 evidenter,
881 1438 929 1483 sive

68 1520 217 1578 probabiliter
235 1519 369 1578 colligatur,
392 1519 520 1578 airibigimm
543 1519 585 1564 erit
601 1523 623 1563 et
640 1519 768 1577 obscurum,
785 1519 829 1564 fide
847 1518 930 1563 catho-

67 1600 111 1645 lica
131 1598 218 1644 deliniri
234 1611 281 1644 non
297 1599 386 1657 poterit.
419 1598 472 1643 Cum
490 1600 550 1644 enim
564 1599 678 1645 Romanus
692 1600 801 1658 pontifex,
818 1599 847 1644 ad
863 1612 929 1657 quem

70 1678 209 1737 potissimum
225 1682 319 1737 spectat,
334 1683 438 1736 tanquam
455 1679 483 1723 ad
499 1691 625 1736 suprenmm
643 1685 665 1725 et
680 1678 818 1725 infallibilem
835 1684 930 1723 contro-

69 1759 196 1804 versiarum
211 1758 264 1803 fidei
282 1758 395 1815 indicem,
413 1757 519 1818 dogmata
535 1758 642 1815 definire,
659 1771 706 1804 non
723 1760 795 1818 possit
811 1771 885 1803 novos
900 1759 930 1802 li-

71 1839 127 1884 bros
144 1839 269 1884 canonicos
286 1838 401 1894 scribere,
424 1842 447 1882 et
461 1850 535 1883 noros
551 1837 604 1883 ndei
619 1839 726 1884 articulos
743 1838 843 1883 condere
857 1836 929 1896 (quod

69 1919 122 1964 olim
140 1918 253 1963 iaciebant
268 1917 406 1975 Prophetae,
422 1917 541 1976 Apostoli,
558 1919 687 1976 caeterique
705 1917 814 1964 Canonici
830 1919 929 1976 scripto-

68 2006 126 2056 res),
138 2003 244 2056 scqnatur
260 2010 358 2042 necesse
374 2002 408 2042 est
422 2010 537 2042 sacrarum
552 1997 683 2055 litterarum,
700 2011 728 2043 ac
743 1997 868 2043 divinarum
880 2003 929 2042 tra-

69 2079 178 2124 ditionum
196 2078 345 2133 autoritatem,
363 2075 401 2121 vel
416 2082 544 2121 sanctorum
557 2082 644 2135 patnun
660 2081 683 2122 et
697 2076 854 2136 theologorum
871 2090 929 2121 con-

70 2158 209 2214 sensionem,
225 2158 262 2201 ret
280 2168 422 2203 communem
439 2155 549 2213 quendam
565 2156 631 2201 totius
649 2156 762 2201 ecclesiae
778 2169 882 2213 sensum,
906 2162 929 2200 et

70 2239 134 2297 quasi
147 2241 252 2297 gustmu:
271 2248 364 2293 quorum
380 2235 435 2280 nihil
451 2237 549 2293 spectari
564 2240 652 2293 potest,
677 2249 727 2280 cum
744 2234 772 2280 de
789 2238 869 2294 privati
884 2237 929 2281 ho-

71 2316 138 2362 minis
156 2314 266 2360 sententia
286 2313 415 2372 disputatur.
456 2314 512 2359 Nam
534 2318 558 2359 ut
580 2313 633 2358 olim
648 2314 764 2372 prophetis
786 2320 852 2372 atque
871 2329 929 2373 apo-

70 2393 151 2450 stolis,
168 2391 304 2452 reliquisque
322 2406 438 2438 sacrorum
455 2393 562 2439 librorum
580 2394 743 2452 scriptoribus,
766 2397 788 2438 et
805 2394 928 2441 divinarum

72 2472 217 2518 traditionum
234 2469 348 2514 autoribus
364 2470 395 2514 ita
410 2470 471 2514 allinit
487 2471 577 2527 spiritus
593 2476 700 2529 sanctus,
717 2477 741 2516 ut
757 2472 811 2518 nihil
826 2474 869 2519 illis
886 2487 929 2520 ex-

72 2550 165 2607 cideret,
182 2549 242 2608 quod
260 2561 306 2593 non
322 2553 383 2594 esset
400 2548 506 2593 divinitus
520 2549 661 2608 inspiratum:
684 2552 714 2595 itu
731 2553 773 2598 etsi
785 2553 844 2598 idem
859 2556 929 2613 spiri-

71 2636 105 2676 tus
123 2634 213 2677 sanctus
231 2628 333 2673 Botriano
348 2625 448 2685 pontifici
465 2639 553 2685 semper
566 2627 636 2685 adest,
654 2632 677 2673 nt
694 2630 717 2673 in
732 2631 799 2676 rebus
815 2631 869 2677 fidei
885 2631 928 2676 de-

69 2708 182 2754 clarandis
200 2705 384 2765 explicandisque
405 2705 477 2749 sacris
492 2703 592 2762 litteris,
618 2707 747 2764 apostolicis
762 2709 928 2767 traditionibus,

69 2787 209 2846 superiorum
227 2786 355 2844 pontificum
369 2783 501 2842 responsis,
525 2786 672 2831 conciliorum
687 2786 793 2846 decretis,
811 2794 833 2834 et
851 2790 928 2835 eccle-

70 2868 168 2913 siasticis
183 2864 344 2920 sanctionibus,
361 2863 440 2921 quibus
456 2862 564 2920 principia
579 2864 632 2910 fidei
648 2867 798 2923 continentur,
815 2881 927 2927 mmquam

72 2947 159 2995 fallatur
175 2950 212 2992 aut
230 2948 290 2992 erret
299 2959 306 3000 ;
329 2944 353 2989 io
366 2943 512 3002 privatorum
535 2955 589 2989 cero
606 2945 671 2990 (lictis
687 2946 844 3006 declarandis,
870 2960 928 3006 piace

111 3135 130 3183 l)
145 3134 191 3170 vin.
206 3136 320 3174 Historiam
335 3135 519 3186 corigregatiounm
543 3134 566 3172 de
583 3138 671 3175 auxiliis
686 3137 766 3174 [livinae
782 3140 870 3186 gratiae,
890 3150 927 3175 an-

150 3203 207 3240 tbore
223 3204 336 3251 Hyacinthe
353 3205 417 3252 Serry.
434 3203 555 3253 Antverpiae
572 3205 627 3244 1709.
644 3219 663 3257 p.
677 3205 775 3244 lea-86.
