1979 3399
101 254 145 298 lain
163 254 350 314 quemadmodum
366 254 497 299 Hermesius
514 257 574 297 totus
594 248 724 310 apartibus
743 250 803 294 stelit
821 260 906 306 eornm,

41 336 78 394 qui
105 334 230 381 doctrinam
253 336 282 382 ad
299 335 440 395 probandam
461 332 666 392 vindicandamqne
686 331 822 390 religionem
838 332 908 377 Chri-

4 456 7 459 s
40 418 136 463 stianam
152 417 241 475 plurimi
257 416 344 461 faciunt
365 419 387 460 et
409 414 506 458 maxime
530 413 616 458 futuros
639 412 758 472 religionis
783 413 905 472 magistros

41 497 70 542 ad
88 497 217 556 disciplinas
233 500 281 541 tota
297 501 372 540 mente
389 493 519 539 tractandas
536 493 650 551 impellunt
666 499 733 553 atque
750 495 853 551 incitant,
871 495 906 540 sic

40 578 97 622 baro
116 577 220 622 Clemens
236 575 351 635 Augustus
374 574 403 620 (le
421 575 504 619 Droste
527 575 652 619 contrarias
674 581 750 634 partes
768 589 834 635 [priam
853 589 905 620 rna-

40 659 100 703 nime
116 662 207 702 secutus
224 661 274 700 est:
300 657 320 700 is
338 655 397 699 onim
422 660 468 699 tum
493 655 615 698 ascelieum
631 656 722 700 risendi
740 670 812 714 genus
830 657 903 715 inagis

40 736 160 796 probabat,
179 741 239 792 tum,
258 734 318 793 quod
334 735 405 779 nobili
420 746 507 793 genere
524 737 586 778 ortus
604 738 652 785 erat-
667 739 690 778 et
708 735 843 793 amplissimo
863 749 905 780 or-

42 817 88 862 dini
104 816 217 872 hominnm
233 815 367 873 adscriptus,
382 814 456 873 magis
474 797 691 858 administrationem
712 817 747 858 rei
764 815 906 859 ecclesiasti-

42 911 83 942 cae
99 901 199 943 sectatus
215 901 270 941 erat.
303 896 332 941 Ut
346 896 465 940 Hermesio
478 907 610 952 persuasum
627 900 688 951 erat,
711 899 733 938 et
750 894 866 940 doctrinae
884 901 906 940 et

42 992 112 1023 sanae
129 976 285 1036 philosophiae
308 976 375 1029 armis
394 977 490 1034 impetus
506 973 660 1019 rehmdendos
678 988 743 1032 csse,
768 976 848 1034 rpribns
865 989 906 1020 re-

42 1060 129 1103 centior
143 1057 285 1116 philosophia
296 1057 430 1116 religionem
441 1046 590 1106 Chrisdianam
605 1056 728 1113 petivisset,
746 1057 779 1101 sie
796 1058 834 1114 qui
845 1070 905 1102 nunc

43 1144 77 1185 cst
96 1137 280 1197 archiepiscopus
296 1137 439 1183 coloniensis
458 1137 605 1194 existimarit,
628 1135 663 1181 his
678 1137 742 1182 malis
759 1136 801 1182 alia
817 1137 906 1184 ratione

42 1219 177 1265 medendum
194 1231 254 1276 esse,
272 1223 294 1264 et
310 1218 400 1277 quidem
416 1219 455 1275 ita,
472 1223 496 1264 ut
511 1219 527 1263 ii
543 1219 580 1276 (pri
596 1217 736 1263 Catholicnm
751 1231 834 1263 nomen
849 1232 907 1277 pro-

42 1301 176 1356 fitentur‚a
198 1300 336 1359 contagione
361 1299 447 1345 sacculi
471 1304 493 1344 et
512 1298 570 1344 ideis
593 1300 616 1344 in
639 1312 667 1344 eo
690 1300 818 1358 rigentibus
839 1306 861 1345 et
877 1303 905 1346 ab

44 1381 110 1435 omni
133 1379 256 1425 litterarum
286 1393 372 1439 genere
401 1384 533 1424 arcerentur
561 1384 628 1438 alque
652 1380 731 1437 procul
760 1380 905 1427 haberentur.

42 1461 125 1505 Harum
147 1462 307 1506 sententiarum
325 1475 383 1519 qnae
400 1474 454 1504 uera
473 1461 509 1516 sit,
523 1460 672 1518 llermesiine,
691 1462 729 1520 qni
745 1462 906 1520 cumGoclhio,

42 1542 194 1586 recentiorum
209 1546 327 1599 poetarum
340 1541 406 1585 facile
421 1541 536 1600 principe,
557 1540 669 1597 crederet,
687 1539 746 1584 hanc
762 1556 813 1587 esse
829 1543 904 1602 legem

43 1620 155 1667 laruarum
174 1626 196 1666 el
216 1622 350 1666 daemonum
366 1621 489 1676 malorum,
513 1625 538 1664 nt
554 1634 597 1678 qua
613 1622 650 1664 ria
672 1621 803 1667 introissent
825 1624 906 1668 cadem

44 1714 84 1746 eos
102 1701 183 1760 expelli
199 1706 330 1760 oporteret,
354 1715 382 1745 an
398 1702 454 1746 baro
472 1700 501 1745 de
517 1702 599 1745 Drosle
618 1701 655 1757 qui
671 1705 776 1760 putaret,
798 1706 905 1762 temporis

42 1786 115 1827 rotam
134 1787 201 1840 atque
217 1781 336 1826 decursum
359 1795 372 1825 a
389 1794 441 1826 sese
458 1779 567 1839 prehendi
585 1781 677 1839 sistique
693 1793 781 1838 posse,
805 1782 828 1826 id
845 1797 905 1829 nunc

44 1866 154 1920 quaerere
176 1862 287 1907 mittimus.
336 1862 381 1909 Sed
397 1863 442 1907 hoc
464 1861 531 1907 facile
553 1862 696 1908 manifestum
720 1870 766 1920 est,
789 1854 906 1924 utriusque

44 1942 168 1987 sententias
187 1942 215 1986 de
233 1942 381 2000 adiumentis,
410 1944 489 2001 quibus
511 1944 630 2002 procurari
648 1950 670 1989 et
687 1945 809 1991 sustentari
823 1945 906 1991 debeat

43 2022 155 2068 ecclesiae
171 2022 239 2079 salus,
255 2036 302 2068 non
318 2026 419 2081 potuisse
436 2037 483 2068 non
501 2024 560 2068 inter
576 2038 602 2069 se
619 2024 757 2085 discrepare.
790 2026 837 2073 Sed
856 2040 906 2071 cum

45 2102 73 2146 de
90 2103 223 2147 adiumentis
241 2103 402 2161 dissentirent7
427 2117 524 2160 necesse
539 2118 585 2149 non
603 2112 658 2163 crat,
675 2112 700 2151 nt
715 2108 800 2166 pariter
817 2107 845 2151 de
860 2108 905 2152 hnc

42 2196 83 2241 per
100 2184 228 2228 adiumenta
246 2183 283 2228 illa
301 2184 462 2242 consequendo
480 2185 624 2230 dissiderent.

117 2369 142 2405 sis
162 2369 246 2408 Abbatis
260 2368 383 2407 Bouihillier
398 2369 422 2407 de
438 2373 505 2419 Rancy
526 2372 608 2420 vestigia
631 2385 723 2422 premere
740 2372 843 2417 voluisse,
871 2373 905 2422 qni

123 2446 206 2490 excepta
228 2453 282 2477 sacra
296 2441 401 2489 scriptura,
416 2441 494 2477 nullum
510 2441 552 2478 scre
567 2443 641 2479 librum
655 2444 723 2491 legere
738 2443 842 2479 monachis
864 2443 904 2479 suis

118 2512 216 2562 permisit.
257 2511 302 2548 Vid.
320 2514 425 2563 Occaragcs
444 2512 560 2564 postlrunies
587 2514 611 2552 de
635 2517 687 2553 dean
709 2513 814 2553 Mubillorz
838 2523 858 2553 et
879 2512 904 2552 de

125 2583 210 2620 Tlrr'errr‘
234 2584 333 2621 ruinart.
359 2586 413 2622 Tem.
429 2585 445 2621 I.
467 2583 545 2620 lbidenr
561 2583 695 2620 doctissimum
720 2584 785 2621 virum
806 2585 904 2622 Huezr'am

123 2653 245 2690 blabillonio
264 2653 366 2704 scripsisse
382 2653 468 2690 relatum
484 2658 526 2690 est:

151 2725 187 2760 »Je
201 2724 242 2758 suis
257 2724 298 2758 ravi
311 2735 352 2773 que
364 2736 414 2760 vous
434 2725 477 2760 alez
494 2723 592 2775 entrepris
612 2722 636 2758 de
653 2723 762 2760 desabuser
778 2737 826 2760 ceni
844 2723 904 2773 aqui

120 2808 147 2833 on
166 2793 252 2830 aroulu
269 2794 378 2843 persuader
392 2794 464 2845 depuis
487 2796 587 2846 quelques
606 2794 694 2840 mundes,
716 2807 756 2846 que
778 2794 902 2842 l'ignorance

119 2871 149 2900 est
164 2876 203 2900 nne
218 2862 295 2913 spiralite
315 2866 428 2901 necessaire
449 2865 459 2901 ir
475 2879 503 2903 un
516 2865 557 2902 bon
576 2864 686 2913 Religierrx.
720 2867 744 2903 le
758 2866 798 2901 suis
814 2864 861 2900 dans
876 2878 904 2901 nn

119 2935 161 2970 lieu
177 2933 202 2970 ori
217 2934 250 2982 pai
264 2947 289 2971 ru
304 2936 396 2972 sontenir
411 2943 464 2973 celte
478 2939 576 2982 maxime,
599 2936 614 2973 si
629 2935 732 2972 favoralile
751 2936 761 2970 d
776 2937 795 2971 lu
810 2929 903 2973 luine'un-

118 3005 158 3041 tise
172 3005 207 3041 des
223 3004 302 3041 cloitres
318 3007 354 3056 qui
375 3014 405 3044 est
426 3008 446 3044 la
467 3009 521 3044 mere
538 3008 564 3044 <ln
579 3005 732 3043 relaehemerna
759 3005 809 3042 lbid.
824 3020 844 3057 p.
859 3007 905 3045 392.

120 3075 148 3110 Ea
162 3076 229 3111 omnia
243 3074 294 3111 vidit
309 3073 408 3113 dioecesis
424 3076 551 3114 Coloniensis
565 3090 606 3113 nou
621 3075 702 3124 quidem
718 3076 739 3110 irr
748 3075 855 3120 blonaclris
868 3077 904 3115 sed

118 3146 139 3180 in
160 3147 213 3184 clero
237 3147 346 3192 saeculari,
361 3148 383 3184 in
403 3150 512 3185 animarum
528 3146 646 3198 pastoribus.
675 3145 776 3196 Tempora
790 3155 902 3196 mutantur,

118 3216 155 3251 sed
169 3217 260 3256 homines
274 3230 316 3255 non
332 3225 434 3257 mutantur
449 3222 471 3258 in
484 3219 537 3257 illisi
