<?xml version="1.0" encoding="UTF-8"?>
<!DOCTYPE html PUBLIC "-//W3C//DTD XHTML 1.0 Transitional//EN"
    "http://www.w3.org/TR/xhtml1/DTD/xhtml1-transitional.dtd">
<html xmlns="http://www.w3.org/1999/xhtml" xml:lang="en" lang="en">
 <head>
  <title>
</title>
<meta http-equiv="Content-Type" content="text/html;charset=utf-8" />
  <meta name='ocr-system' content='tesseract 3.04.00' />
  <meta name='ocr-capabilities' content='ocr_page ocr_carea ocr_par ocr_line ocrx_word'/>
</head>
<body>
  <div class='ocr_page' id='page_1' title='image "MN5163ucmf_1_0181.png"; bbox 0 0 1979 3399; ppageno 0'>
   <div class='ocr_carea' id='block_1_1' title="bbox 350 113 555 168">
    <p class='ocr_par' dir='ltr' id='par_1_1' title="bbox 350 113 555 168">
     <span class='ocr_line' id='line_1_1' title="bbox 350 113 555 168; baseline -0.049 2"><span class='ocrx_word' id='word_1_1' title='bbox 350 113 555 168; x_wconf 56' lang='lat' dir='ltr'>-tio-</span> 
     </span>
    </p>
   </div>
   <div class='ocr_carea' id='block_1_2' title="bbox 27 254 895 2875">
    <p class='ocr_par' dir='ltr' id='par_1_2' title="bbox 27 254 893 1035">
     <span class='ocr_line' id='line_1_2' title="bbox 27 254 890 319; baseline 0.002 -19"><span class='ocrx_word' id='word_1_2' title='bbox 27 254 172 313; x_wconf 68' lang='lat' dir='ltr'>caclcihitum,a</span> <span class='ocrx_word' id='word_1_3' title='bbox 189 270 263 319; x_wconf 83' lang='lat' dir='ltr'>eoque</span> <span class='ocrx_word' id='word_1_4' title='bbox 279 264 363 308; x_wconf 86' lang='lat' dir='ltr'>tantum</span> <span class='ocrx_word' id='word_1_5' title='bbox 375 261 621 319; x_wconf 81' lang='lat' dir='ltr'>Hermesiotrihuerai,</span> <span class='ocrx_word' id='word_1_6' title='bbox 637 262 662 306; x_wconf 90' lang='lat' dir='ltr'>ut</span> <span class='ocrx_word' id='word_1_7' title='bbox 677 255 745 304; x_wconf 87' lang='lat' dir='ltr'>facile</span> <span class='ocrx_word' id='word_1_8' title='bbox 762 256 833 302; x_wconf 87' lang='lat' dir='ltr'>ceteri</span> <span class='ocrx_word' id='word_1_9' title='bbox 849 267 890 302; x_wconf 85' lang='lat' dir='ltr'>or-</span> 
     </span>
     <span class='ocr_line' id='line_1_3' title="bbox 27 335 890 401; baseline 0.002 -22"><span class='ocrx_word' id='word_1_10' title='bbox 27 335 88 381; x_wconf 83' lang='lat' dir='ltr'>dinis</span> <span class='ocrx_word' id='word_1_11' title='bbox 106 336 207 398; x_wconf 75' lang='lat' dir='ltr'>collegae</span> <span class='ocrx_word' id='word_1_12' title='bbox 222 337 318 386; x_wconf 79' lang='lat' dir='ltr'>moleste</span> <span class='ocrx_word' id='word_1_13' title='bbox 336 336 400 387; x_wconf 64' lang='lat' dir='ltr'>lerre&#39;</span> <span class='ocrx_word' id='word_1_14' title='bbox 422 341 467 387; x_wconf 90' lang='lat' dir='ltr'>hoc</span> <span class='ocrx_word' id='word_1_15' title='bbox 482 346 583 401; x_wconf 88' lang='lat' dir='ltr'>possent.</span> <span class='ocrx_word' id='word_1_16' title='bbox 626 339 713 388; x_wconf 84' lang='lat' dir='ltr'>Eadem</span> <span class='ocrx_word' id='word_1_17' title='bbox 736 339 826 384; x_wconf 88' lang='lat' dir='ltr'>ratione</span> <span class='ocrx_word' id='word_1_18' title='bbox 849 348 890 381; x_wconf 86' lang='lat' dir='ltr'>ar-</span> 
     </span>
     <span class='ocr_line' id='line_1_4' title="bbox 27 413 891 479; baseline 0.002 -20"><span class='ocrx_word' id='word_1_19' title='bbox 27 415 187 477; x_wconf 85' lang='lat' dir='ltr'>chiepiscopus</span> <span class='ocrx_word' id='word_1_20' title='bbox 205 413 348 466; x_wconf 85' lang='lat' dir='ltr'>Coloniensis</span> <span class='ocrx_word' id='word_1_21' title='bbox 363 434 405 479; x_wconf 88' lang='lat' dir='ltr'>per</span> <span class='ocrx_word' id='word_1_22' title='bbox 420 425 453 466; x_wconf 89' lang='lat' dir='ltr'>tot</span> <span class='ocrx_word' id='word_1_23' title='bbox 464 423 543 466; x_wconf 83' lang='lat' dir='ltr'>annos</span> <span class='ocrx_word' id='word_1_24' title='bbox 560 417 831 466; x_wconf 78' lang='lat' dir='ltr'>causamHermesIunam</span> <span class='ocrx_word' id='word_1_25' title='bbox 847 428 891 462; x_wconf 87' lang='lat' dir='ltr'>ae-</span> 
     </span>
     <span class='ocr_line' id='line_1_5' title="bbox 27 484 891 561; baseline 0.001 -21"><span class='ocrx_word' id='word_1_26' title='bbox 27 497 131 561; x_wconf 85' lang='lat' dir='ltr'>stimavit.</span> <span class='ocrx_word' id='word_1_27' title='bbox 174 496 286 544; x_wconf 88' lang='lat' dir='ltr'>Hermesii</span> <span class='ocrx_word' id='word_1_28' title='bbox 307 500 390 558; x_wconf 86' lang='lat' dir='ltr'>placita</span> <span class='ocrx_word' id='word_1_29' title='bbox 407 501 537 559; x_wconf 82' lang='lat' dir='ltr'>perplures</span> <span class='ocrx_word' id='word_1_30' title='bbox 556 514 647 558; x_wconf 87' lang='lat' dir='ltr'>annos,</span> <span class='ocrx_word' id='word_1_31' title='bbox 672 484 740 546; x_wconf 87' lang='lat' dir='ltr'>etiam</span> <span class='ocrx_word' id='word_1_32' title='bbox 762 503 815 559; x_wconf 88' lang='lat' dir='ltr'>post</span> <span class='ocrx_word' id='word_1_33' title='bbox 840 496 891 542; x_wconf 85' lang='lat' dir='ltr'>eius</span> 
     </span>
     <span class='ocr_line' id='line_1_6' title="bbox 28 574 891 640; baseline 0.005 -20"><span class='ocrx_word' id='word_1_34' title='bbox 28 588 57 620; x_wconf 87' lang='lat' dir='ltr'>ex</span> <span class='ocrx_word' id='word_1_35' title='bbox 72 574 204 622; x_wconf 86' lang='lat' dir='ltr'>hlonasterii</span> <span class='ocrx_word' id='word_1_36' title='bbox 221 579 277 622; x_wconf 89' lang='lat' dir='ltr'>urbe</span> <span class='ocrx_word' id='word_1_37' title='bbox 289 578 423 634; x_wconf 85' lang='lat' dir='ltr'>discessum,</span> <span class='ocrx_word' id='word_1_38' title='bbox 440 580 469 624; x_wconf 73' lang='lat' dir='ltr'>in‘</span> <span class='ocrx_word' id='word_1_39' title='bbox 482 580 561 625; x_wconf 87' lang='lat' dir='ltr'>eadem</span> <span class='ocrx_word' id='word_1_40' title='bbox 579 581 623 626; x_wconf 89' lang='lat' dir='ltr'>hac</span> <span class='ocrx_word' id='word_1_41' title='bbox 638 581 694 625; x_wconf 89' lang='lat' dir='ltr'>urbe</span> <span class='ocrx_word' id='word_1_42' title='bbox 710 580 777 640; x_wconf 84' lang='lat' dir='ltr'>plane</span> <span class='ocrx_word' id='word_1_43' title='bbox 792 579 891 624; x_wconf 88' lang='lat' dir='ltr'>adHer-</span> 
     </span>
     <span class='ocr_line' id='line_1_7' title="bbox 30 652 891 718; baseline 0.003 -18"><span class='ocrx_word' id='word_1_44' title='bbox 30 657 96 701; x_wconf 90' lang='lat' dir='ltr'>mesii</span> <span class='ocrx_word' id='word_1_45' title='bbox 111 652 242 701; x_wconf 74' lang='lat' dir='ltr'>methodum</span> <span class='ocrx_word' id='word_1_46' title='bbox 258 658 340 702; x_wconf 86' lang='lat' dir='ltr'>tradita</span> <span class='ocrx_word' id='word_1_47' title='bbox 356 662 423 717; x_wconf 91' lang='lat' dir='ltr'>sunt,</span> <span class='ocrx_word' id='word_1_48' title='bbox 449 663 472 703; x_wconf 90' lang='lat' dir='ltr'>et</span> <span class='ocrx_word' id='word_1_49' title='bbox 493 659 530 717; x_wconf 86' lang='lat' dir='ltr'>qui</span> <span class='ocrx_word' id='word_1_50' title='bbox 546 672 607 704; x_wconf 89' lang='lat' dir='ltr'>nunc</span> <span class='ocrx_word' id='word_1_51' title='bbox 623 664 658 703; x_wconf 87' lang='lat' dir='ltr'>est</span> <span class='ocrx_word' id='word_1_52' title='bbox 673 660 793 718; x_wconf 89' lang='lat' dir='ltr'>episcopus</span> <span class='ocrx_word' id='word_1_53' title='bbox 808 655 891 704; x_wconf 79' lang='lat' dir='ltr'>Mona-</span> 
     </span>
     <span class='ocr_line' id='line_1_8' title="bbox 29 734 891 797; baseline 0.005 -19"><span class='ocrx_word' id='word_1_54' title='bbox 29 735 166 791; x_wconf 89' lang='lat' dir='ltr'>steriensis,</span> <span class='ocrx_word' id='word_1_55' title='bbox 182 734 253 780; x_wconf 85' lang='lat' dir='ltr'>frater</span> <span class='ocrx_word' id='word_1_56' title='bbox 268 736 433 796; x_wconf 85' lang='lat' dir='ltr'>archiepiscopi</span> <span class='ocrx_word' id='word_1_57' title='bbox 450 737 611 795; x_wconf 85' lang='lat' dir='ltr'>Coloniensis,</span> <span class='ocrx_word' id='word_1_58' title='bbox 632 751 745 796; x_wconf 82' lang='lat' dir='ltr'>nunquam</span> <span class='ocrx_word' id='word_1_59' title='bbox 763 737 891 797; x_wconf 83' lang='lat' dir='ltr'>improbare</span> 
     </span>
     <span class='ocr_line' id='line_1_9' title="bbox 31 806 893 875; baseline 0.002 -16"><span class='ocrx_word' id='word_1_60' title='bbox 31 827 58 859; x_wconf 86' lang='lat' dir='ltr'>ca</span> <span class='ocrx_word' id='word_1_61' title='bbox 69 812 166 860; x_wconf 86' lang='lat' dir='ltr'>animum</span> <span class='ocrx_word' id='word_1_62' title='bbox 182 814 276 872; x_wconf 78' lang='lat' dir='ltr'>induxit,</span> <span class='ocrx_word' id='word_1_63' title='bbox 290 816 394 874; x_wconf 79' lang='lat' dir='ltr'>adeoque</span> <span class='ocrx_word' id='word_1_64' title='bbox 403 821 461 875; x_wconf 87' lang='lat' dir='ltr'>post</span> <span class='ocrx_word' id='word_1_65' title='bbox 472 814 646 873; x_wconf 74' lang='lat' dir='ltr'>damnationem,</span> <span class='ocrx_word' id='word_1_66' title='bbox 657 806 722 862; x_wconf 76' lang='lat' dir='ltr'>adeo</span> <span class='ocrx_word' id='word_1_67' title='bbox 739 822 790 875; x_wconf 89' lang='lat' dir='ltr'>post</span> <span class='ocrx_word' id='word_1_68' title='bbox 807 816 893 863; x_wconf 84' lang='lat' dir='ltr'>discri-</span> 
     </span>
     <span class='ocr_line' id='line_1_10' title="bbox 32 893 893 954; baseline 0.002 -16"><span class='ocrx_word' id='word_1_69' title='bbox 32 906 86 938; x_wconf 88' lang='lat' dir='ltr'>men</span> <span class='ocrx_word' id='word_1_70' title='bbox 103 893 156 938; x_wconf 89' lang='lat' dir='ltr'>illud</span> <span class='ocrx_word' id='word_1_71' title='bbox 173 894 318 952; x_wconf 85' lang='lat' dir='ltr'>Coloniense,</span> <span class='ocrx_word' id='word_1_72' title='bbox 334 895 424 954; x_wconf 89' lang='lat' dir='ltr'>pnhlice</span> <span class='ocrx_word' id='word_1_73' title='bbox 440 894 556 954; x_wconf 77' lang='lat' dir='ltr'>palamque</span> <span class='ocrx_word' id='word_1_74' title='bbox 575 895 713 954; x_wconf 74' lang='lat' dir='ltr'>declaravit,</span> <span class='ocrx_word' id='word_1_75' title='bbox 731 895 893 942; x_wconf 77' lang='lat' dir='ltr'>Hermesionoe</span> 
     </span>
     <span class='ocr_line' id='line_1_11' title="bbox 30 977 570 1035; baseline 0 -12"><span class='ocrx_word' id='word_1_76' title='bbox 30 977 93 1023; x_wconf 82' lang='lat' dir='ltr'>bono</span> <span class='ocrx_word' id='word_1_77' title='bbox 106 977 130 1020; x_wconf 85' lang='lat' dir='ltr'>in</span> <span class='ocrx_word' id='word_1_78' title='bbox 148 990 242 1022; x_wconf 76' lang='lat' dir='ltr'>cortanna</span> <span class='ocrx_word' id='word_1_79' title='bbox 258 977 369 1023; x_wconf 80' lang='lat' dir='ltr'>ecclesiae</span> <span class='ocrx_word' id='word_1_80' title='bbox 384 977 459 1023; x_wconf 78' lang='lat' dir='ltr'>deicito</span> <span class='ocrx_word' id='word_1_81' title='bbox 475 991 526 1022; x_wconf 81' lang='lat' dir='ltr'>esse</span> <span class='ocrx_word' id='word_1_82' title='bbox 543 983 570 1035; x_wconf 86' lang='lat'>¹).</span> 
     </span>
    </p>

    <p class='ocr_par' dir='ltr' id='par_1_3' title="bbox 30 1056 895 2553">
     <span class='ocr_line' id='line_1_12' title="bbox 92 1056 894 1117; baseline -0.002 -15"><span class='ocrx_word' id='word_1_83' title='bbox 92 1058 123 1102; x_wconf 89' lang='lat' dir='ltr'>At</span> <span class='ocrx_word' id='word_1_84' title='bbox 138 1070 202 1115; x_wconf 85' lang='lat' dir='ltr'>vero,</span> <span class='ocrx_word' id='word_1_85' title='bbox 217 1057 277 1102; x_wconf 92' lang='lat' dir='ltr'>dicet</span> <span class='ocrx_word' id='word_1_86' title='bbox 292 1059 428 1114; x_wconf 84' lang='lat' dir='ltr'>Perronins,</span> <span class='ocrx_word' id='word_1_87' title='bbox 448 1059 486 1117; x_wconf 88' lang='lat' dir='ltr'>qui</span> <span class='ocrx_word' id='word_1_88' title='bbox 502 1059 575 1103; x_wconf 90' lang='lat' dir='ltr'>cuivis</span> <span class='ocrx_word' id='word_1_89' title='bbox 591 1058 626 1103; x_wconf 85' lang='lat' dir='ltr'>rei</span> <span class='ocrx_word' id='word_1_90' title='bbox 641 1058 716 1102; x_wconf 88' lang='lat' dir='ltr'>honae</span> <span class='ocrx_word' id='word_1_91' title='bbox 734 1056 816 1103; x_wconf 85' lang='lat' dir='ltr'>malam</span> <span class='ocrx_word' id='word_1_92' title='bbox 835 1067 894 1101; x_wconf 85' lang='lat' dir='ltr'>cou-</span> 
     </span>
     <span class='ocr_line' id='line_1_13' title="bbox 30 1121 894 1197; baseline -0.005 -14"><span class='ocrx_word' id='word_1_93' title='bbox 30 1152 79 1184; x_wconf 87' lang='lat' dir='ltr'>sam</span> <span class='ocrx_word' id='word_1_94' title='bbox 96 1138 232 1183; x_wconf 82' lang='lat' dir='ltr'>substituere</span> <span class='ocrx_word' id='word_1_95' title='bbox 250 1138 324 1196; x_wconf 86' lang='lat' dir='ltr'>callet,</span> <span class='ocrx_word' id='word_1_96' title='bbox 345 1121 462 1197; x_wconf 77' lang='lat' dir='ltr'>praesides</span> <span class='ocrx_word' id='word_1_97' title='bbox 483 1139 507 1184; x_wconf 89' lang='lat' dir='ltr'>hi</span> <span class='ocrx_word' id='word_1_98' title='bbox 523 1138 674 1183; x_wconf 87' lang='lat' dir='ltr'>ecclesiastici</span> <span class='ocrx_word' id='word_1_99' title='bbox 689 1136 832 1183; x_wconf 86' lang='lat' dir='ltr'>intercedere</span> <span class='ocrx_word' id='word_1_100' title='bbox 847 1148 894 1181; x_wconf 91' lang='lat' dir='ltr'>non</span> 
     </span>
     <span class='ocr_line' id='line_1_14' title="bbox 31 1213 895 1277; baseline -0.005 -14"><span class='ocrx_word' id='word_1_101' title='bbox 31 1222 151 1277; x_wconf 83' lang='lat' dir='ltr'>poterant,</span> <span class='ocrx_word' id='word_1_102' title='bbox 176 1222 296 1276; x_wconf 87' lang='lat' dir='ltr'>propterea</span> <span class='ocrx_word' id='word_1_103' title='bbox 317 1217 377 1275; x_wconf 73' lang='lat' dir='ltr'>[prod</span> <span class='ocrx_word' id='word_1_104' title='bbox 394 1218 534 1262; x_wconf 86' lang='lat' dir='ltr'>Hennesium</span> <span class='ocrx_word' id='word_1_105' title='bbox 559 1217 679 1263; x_wconf 84' lang='lat' dir='ltr'>tuebantur</span> <span class='ocrx_word' id='word_1_106' title='bbox 695 1217 726 1274; x_wconf 89' lang='lat' dir='ltr'>ii,</span> <span class='ocrx_word' id='word_1_107' title='bbox 749 1228 820 1275; x_wconf 91' lang='lat' dir='ltr'>penes</span> <span class='ocrx_word' id='word_1_108' title='bbox 837 1213 895 1274; x_wconf 62' lang='lat' dir='ltr'>quos</span> 
     </span>
     <span class='ocr_line' id='line_1_15' title="bbox 32 1289 893 1357; baseline -0.003 -15"><span class='ocrx_word' id='word_1_109' title='bbox 32 1289 72 1357; x_wconf 86' lang='lat' dir='ltr'>per</span> <span class='ocrx_word' id='word_1_110' title='bbox 88 1298 217 1343; x_wconf 87' lang='lat' dir='ltr'>Borussiam</span> <span class='ocrx_word' id='word_1_111' title='bbox 234 1298 351 1356; x_wconf 89' lang='lat' dir='ltr'>imperinm</span> <span class='ocrx_word' id='word_1_112' title='bbox 368 1301 422 1342; x_wconf 86' lang='lat' dir='ltr'>erat.</span> <span class='ocrx_word' id='word_1_113' title='bbox 460 1297 578 1343; x_wconf 86' lang='lat' dir='ltr'>Hermesio</span> <span class='ocrx_word' id='word_1_114' title='bbox 595 1292 697 1342; x_wconf 82' lang='lat' dir='ltr'>savorem</span> <span class='ocrx_word' id='word_1_115' title='bbox 714 1296 848 1341; x_wconf 87' lang='lat' dir='ltr'>immeritum</span> <span class='ocrx_word' id='word_1_116' title='bbox 865 1293 893 1339; x_wconf 85' lang='lat' dir='ltr'>ab</span> 
     </span>
     <span class='ocr_line' id='line_1_16' title="bbox 31 1376 893 1443; baseline -0.005 -20"><span class='ocrx_word' id='word_1_117' title='bbox 31 1379 125 1443; x_wconf 82' lang='lat' dir='ltr'>imperio</span> <span class='ocrx_word' id='word_1_118' title='bbox 148 1377 270 1423; x_wconf 83' lang='lat' dir='ltr'>Bornssioo</span> <span class='ocrx_word' id='word_1_119' title='bbox 286 1388 421 1422; x_wconf 88' lang='lat' dir='ltr'>concessum</span> <span class='ocrx_word' id='word_1_120' title='bbox 446 1389 493 1422; x_wconf 91' lang='lat' dir='ltr'>non</span> <span class='ocrx_word' id='word_1_121' title='bbox 518 1377 692 1436; x_wconf 67' lang='lat' dir='ltr'>contigisset),</span> <span class='ocrx_word' id='word_1_122' title='bbox 714 1376 736 1421; x_wconf 91' lang='lat' dir='ltr'>id</span> <span class='ocrx_word' id='word_1_123' title='bbox 754 1381 893 1434; x_wconf 81' lang='lat' dir='ltr'>compertum</span> 
     </span>
     <span class='ocr_line' id='line_1_17' title="bbox 31 1448 893 1515; baseline -0.008 -11"><span class='ocrx_word' id='word_1_124' title='bbox 31 1464 66 1504; x_wconf 86' lang='lat' dir='ltr'>ost</span> <span class='ocrx_word' id='word_1_125' title='bbox 85 1456 205 1514; x_wconf 83' lang='lat' dir='ltr'>onmilms,</span> <span class='ocrx_word' id='word_1_126' title='bbox 232 1457 359 1515; x_wconf 79' lang='lat' dir='ltr'>qciiounque</span> <span class='ocrx_word' id='word_1_127' title='bbox 380 1448 455 1501; x_wconf 88' lang='lat' dir='ltr'>rerum</span> <span class='ocrx_word' id='word_1_128' title='bbox 473 1460 553 1500; x_wconf 84' lang='lat' dir='ltr'>statum</span> <span class='ocrx_word' id='word_1_129' title='bbox 568 1468 615 1500; x_wconf 89' lang='lat' dir='ltr'>non</span> <span class='ocrx_word' id='word_1_130' title='bbox 632 1469 661 1500; x_wconf 88' lang='lat' dir='ltr'>ex</span> <span class='ocrx_word' id='word_1_131' title='bbox 676 1454 799 1514; x_wconf 79' lang='lat' dir='ltr'>longinquo</span> <span class='ocrx_word' id='word_1_132' title='bbox 817 1467 893 1511; x_wconf 84' lang='lat' dir='ltr'>neque</span> 
     </span>
     <span class='ocr_line' id='line_1_18' title="bbox 31 1534 892 1597; baseline -0.007 -14"><span class='ocrx_word' id='word_1_133' title='bbox 31 1538 114 1584; x_wconf 85' lang='lat' dir='ltr'>nuntiis</span> <span class='ocrx_word' id='word_1_134' title='bbox 130 1538 225 1597; x_wconf 84' lang='lat' dir='ltr'>partium</span> <span class='ocrx_word' id='word_1_135' title='bbox 242 1535 388 1581; x_wconf 83' lang='lat' dir='ltr'>aduersarum</span> <span class='ocrx_word' id='word_1_136' title='bbox 405 1534 517 1579; x_wconf 83' lang='lat' dir='ltr'>detortum</span> <span class='ocrx_word' id='word_1_137' title='bbox 534 1534 645 1580; x_wconf 84' lang='lat' dir='ltr'>viderunt.</span> <span class='ocrx_word' id='word_1_138' title='bbox 669 1535 704 1579; x_wconf 90' lang='lat' dir='ltr'>Ac</span> <span class='ocrx_word' id='word_1_139' title='bbox 726 1535 892 1593; x_wconf 75' lang='lat' dir='ltr'>quaerendem</span> 
     </span>
     <span class='ocr_line' id='line_1_19' title="bbox 35 1613 894 1675; baseline -0.007 -12"><span class='ocrx_word' id='word_1_140' title='bbox 35 1631 102 1663; x_wconf 85' lang='lat' dir='ltr'>causa</span> <span class='ocrx_word' id='word_1_141' title='bbox 119 1616 174 1675; x_wconf 86' lang='lat' dir='ltr'>fuit,</span> <span class='ocrx_word' id='word_1_142' title='bbox 197 1629 237 1662; x_wconf 85' lang='lat' dir='ltr'>orn·</span> <span class='ocrx_word' id='word_1_143' title='bbox 252 1615 321 1660; x_wconf 87' lang='lat' dir='ltr'>iidem</span> <span class='ocrx_word' id='word_1_144' title='bbox 335 1613 452 1674; x_wconf 86' lang='lat' dir='ltr'>praesules</span> <span class='ocrx_word' id='word_1_145' title='bbox 468 1614 619 1659; x_wconf 86' lang='lat' dir='ltr'>ecclesiastici</span> <span class='ocrx_word' id='word_1_146' title='bbox 635 1615 745 1659; x_wconf 85' lang='lat' dir='ltr'>adversus</span> <span class='ocrx_word' id='word_1_147' title='bbox 767 1614 894 1659; x_wconf 59' lang='lat' dir='ltr'>lllcclclrlei-</span> 
     </span>
     <span class='ocr_line' id='line_1_20' title="bbox 31 1680 894 1756; baseline -0.003 -15"><span class='ocrx_word' id='word_1_148' title='bbox 31 1697 106 1752; x_wconf 80' lang='lat' dir='ltr'>crium,</span> <span class='ocrx_word' id='word_1_149' title='bbox 125 1697 162 1756; x_wconf 88' lang='lat' dir='ltr'>qui</span> <span class='ocrx_word' id='word_1_150' title='bbox 178 1710 192 1741; x_wconf 86' lang='lat' dir='ltr'>a</span> <span class='ocrx_word' id='word_1_151' title='bbox 208 1708 302 1740; x_wconf 88' lang='lat' dir='ltr'>munere</span> <span class='ocrx_word' id='word_1_152' title='bbox 319 1680 362 1740; x_wconf 83' lang='lat' dir='ltr'>sno</span> <span class='ocrx_word' id='word_1_153' title='bbox 377 1694 563 1751; x_wconf 88' lang='lat' dir='ltr'>lllonasleriensi,</span> <span class='ocrx_word' id='word_1_154' title='bbox 580 1694 689 1741; x_wconf 85' lang='lat' dir='ltr'>adversus</span> <span class='ocrx_word' id='word_1_155' title='bbox 706 1695 834 1751; x_wconf 76' lang='lat' dir='ltr'>Grotzitnn,</span> <span class='ocrx_word' id='word_1_156' title='bbox 856 1694 894 1753; x_wconf 92' lang='lat' dir='ltr'>qui</span> 
     </span>
     <span class='ocr_line' id='line_1_21' title="bbox 32 1773 895 1835; baseline -0.008 -11"><span class='ocrx_word' id='word_1_157' title='bbox 32 1792 45 1824; x_wconf 91' lang='lat' dir='ltr'>a</span> <span class='ocrx_word' id='word_1_158' title='bbox 60 1792 158 1835; x_wconf 18' lang='lat' dir='ltr'>,intinere</span> <span class='ocrx_word' id='word_1_159' title='bbox 171 1782 216 1821; x_wconf 70' lang='lat' dir='ltr'>‘suc</span> <span class='ocrx_word' id='word_1_160' title='bbox 233 1775 356 1831; x_wconf 89' lang='lat' dir='ltr'>Bonnensi,</span> <span class='ocrx_word' id='word_1_161' title='bbox 372 1774 482 1819; x_wconf 79' lang='lat' dir='ltr'>adversus</span> <span class='ocrx_word' id='word_1_162' title='bbox 494 1773 634 1831; x_wconf 78' lang='lat' dir='ltr'>Tlteinornm,</span> <span class='ocrx_word' id='word_1_163' title='bbox 649 1775 758 1820; x_wconf 83' lang='lat' dir='ltr'>adversus</span> <span class='ocrx_word' id='word_1_164' title='bbox 768 1773 895 1831; x_wconf 77' lang='lat' dir='ltr'>Miillerrtm,</span> 
     </span>
     <span class='ocr_line' id='line_1_22' title="bbox 34 1849 894 1918; baseline -0.002 -14"><span class='ocrx_word' id='word_1_165' title='bbox 34 1860 71 1918; x_wconf 84' lang='lat' dir='ltr'>qui</span> <span class='ocrx_word' id='word_1_166' title='bbox 87 1873 99 1903; x_wconf 87' lang='lat' dir='ltr'>a</span> <span class='ocrx_word' id='word_1_167' title='bbox 116 1856 245 1903; x_wconf 88' lang='lat' dir='ltr'>muneribus</span> <span class='ocrx_word' id='word_1_168' title='bbox 262 1854 411 1899; x_wconf 81' lang='lat' dir='ltr'>Viatislaviae</span> <span class='ocrx_word' id='word_1_169' title='bbox 426 1855 481 1913; x_wconf 89' lang='lat' dir='ltr'>ipsis</span> <span class='ocrx_word' id='word_1_170' title='bbox 496 1854 635 1900; x_wconf 86' lang='lat' dir='ltr'>demandatis</span> <span class='ocrx_word' id='word_1_171' title='bbox 651 1855 759 1901; x_wconf 88' lang='lat' dir='ltr'>abdicare</span> <span class='ocrx_word' id='word_1_172' title='bbox 770 1849 802 1901; x_wconf 64' lang='lat' dir='ltr'>&gt;se</span> <span class='ocrx_word' id='word_1_173' title='bbox 819 1857 894 1902; x_wconf 84' lang='lat' dir='ltr'>coacti</span> 
     </span>
     <span class='ocr_line' id='line_1_23' title="bbox 34 1933 894 1995; baseline -0.002 -11"><span class='ocrx_word' id='word_1_174' title='bbox 34 1936 100 1995; x_wconf 88' lang='lat' dir='ltr'>sunt,</span> <span class='ocrx_word' id='word_1_175' title='bbox 124 1943 186 1982; x_wconf 87' lang='lat' dir='ltr'>tanto</span> <span class='ocrx_word' id='word_1_176' title='bbox 202 1947 311 1981; x_wconf 87' lang='lat' dir='ltr'>successu</span> <span class='ocrx_word' id='word_1_177' title='bbox 326 1933 470 1979; x_wconf 86' lang='lat' dir='ltr'>intercedere</span> <span class='ocrx_word' id='word_1_178' title='bbox 485 1936 598 1994; x_wconf 84' lang='lat' dir='ltr'>possent?</span> <span class='ocrx_word' id='word_1_179' title='bbox 631 1935 688 1989; x_wconf 81' lang='lat' dir='ltr'>Quid</span> <span class='ocrx_word' id='word_1_180' title='bbox 704 1948 760 1982; x_wconf 88' lang='lat' dir='ltr'>vero</span> <span class='ocrx_word' id='word_1_181' title='bbox 777 1936 894 1995; x_wconf 87' lang='lat' dir='ltr'>imperium</span> 
     </span>
     <span class='ocr_line' id='line_1_24' title="bbox 34 2014 893 2075; baseline -0.005 -10"><span class='ocrx_word' id='word_1_182' title='bbox 34 2020 183 2064; x_wconf 85' lang='lat' dir='ltr'>Borussorum</span> <span class='ocrx_word' id='word_1_183' title='bbox 199 2015 229 2060; x_wconf 86' lang='lat' dir='ltr'>ad</span> <span class='ocrx_word' id='word_1_184' title='bbox 249 2016 378 2073; x_wconf 88' lang='lat' dir='ltr'>episcopum</span> <span class='ocrx_word' id='word_1_185' title='bbox 393 2014 536 2073; x_wconf 85' lang='lat' dir='ltr'>inpartibus</span> <span class='ocrx_word' id='word_1_186' title='bbox 554 2014 767 2075; x_wconf 80' lang='lat' dir='ltr'>Osnahrugensem,</span> <span class='ocrx_word' id='word_1_187' title='bbox 788 2015 842 2074; x_wconf 81' lang='lat' dir='ltr'>quid</span> <span class='ocrx_word' id='word_1_188' title='bbox 863 2015 893 2061; x_wconf 85' lang='lat' dir='ltr'>ad</span> 
     </span>
     <span class='ocr_line' id='line_1_25' title="bbox 34 2093 894 2158; baseline -0.003 -14"><span class='ocrx_word' id='word_1_189' title='bbox 34 2093 365 2158; x_wconf 63' lang='lat' dir='ltr'>episcopum‘Limhnrgensem</span> <span class='ocrx_word' id='word_1_190' title='bbox 381 2093 504 2151; x_wconf 84' lang='lat' dir='ltr'>pertinuit?</span> <span class='ocrx_word' id='word_1_191' title='bbox 535 2093 652 2139; x_wconf 90' lang='lat' dir='ltr'>Neminem</span> <span class='ocrx_word' id='word_1_192' title='bbox 674 2108 743 2152; x_wconf 79' lang='lat' dir='ltr'>uero,</span> <span class='ocrx_word' id='word_1_193' title='bbox 768 2097 805 2154; x_wconf 84' lang='lat' dir='ltr'>qui</span> <span class='ocrx_word' id='word_1_194' title='bbox 826 2095 894 2141; x_wconf 87' lang='lat' dir='ltr'>habet</span> 
     </span>
     <span class='ocr_line' id='line_1_26' title="bbox 34 2171 893 2237; baseline -0.003 -13"><span class='ocrx_word' id='word_1_195' title='bbox 34 2181 130 2237; x_wconf 80' lang='lat' dir='ltr'>aliquam</span> <span class='ocrx_word' id='word_1_196' title='bbox 147 2176 265 2235; x_wconf 81' lang='lat' dir='ltr'>regionum</span> <span class='ocrx_word' id='word_1_197' title='bbox 283 2172 408 2227; x_wconf 84' lang='lat' dir='ltr'>scientiam,</span> <span class='ocrx_word' id='word_1_198' title='bbox 425 2171 482 2230; x_wconf 80' lang='lat' dir='ltr'>fugit</span> <span class='ocrx_word' id='word_1_199' title='bbox 497 2171 539 2217; x_wconf 94' lang='lat' dir='ltr'>hos</span> <span class='ocrx_word' id='word_1_200' title='bbox 555 2173 617 2217; x_wconf 89' lang='lat' dir='ltr'>viros</span> <span class='ocrx_word' id='word_1_201' title='bbox 632 2174 893 2233; x_wconf 76' lang='lat' dir='ltr'>regiminisscrussorum</span> 
     </span>
     <span class='ocr_line' id='line_1_27' title="bbox 34 2249 890 2311; baseline -0.004 -8"><span class='ocrx_word' id='word_1_202' title='bbox 34 2271 81 2303; x_wconf 88' lang='lat' dir='ltr'>non</span> <span class='ocrx_word' id='word_1_203' title='bbox 96 2255 199 2302; x_wconf 85' lang='lat' dir='ltr'>subesse.</span> <span class='ocrx_word' id='word_1_204' title='bbox 230 2251 293 2297; x_wconf 85' lang='lat' dir='ltr'>Licet</span> <span class='ocrx_word' id='word_1_205' title='bbox 310 2251 377 2309; x_wconf 82' lang='lat' dir='ltr'>igitur</span> <span class='ocrx_word' id='word_1_206' title='bbox 398 2249 441 2307; x_wconf 92' lang='lat' dir='ltr'>ipsi</span> <span class='ocrx_word' id='word_1_207' title='bbox 464 2249 557 2295; x_wconf 85' lang='lat' dir='ltr'>aliarum</span> <span class='ocrx_word' id='word_1_208' title='bbox 574 2256 651 2296; x_wconf 88' lang='lat' dir='ltr'>essent</span> <span class='ocrx_word' id='word_1_209' title='bbox 669 2253 791 2311; x_wconf 83' lang='lat' dir='ltr'>civitatum,</span> <span class='ocrx_word' id='word_1_210' title='bbox 814 2258 890 2300; x_wconf 86' lang='lat' dir='ltr'>tamen</span> 
     </span>
     <span class='ocr_line' id='line_1_28' title="bbox 35 2327 894 2395; baseline -0.003 -12"><span class='ocrx_word' id='word_1_211' title='bbox 35 2342 129 2395; x_wconf 83' lang='lat' dir='ltr'>uterque</span> <span class='ocrx_word' id='word_1_212' title='bbox 145 2334 225 2379; x_wconf 92' lang='lat' dir='ltr'>horum</span> <span class='ocrx_word' id='word_1_213' title='bbox 241 2329 368 2390; x_wconf 81' lang='lat' dir='ltr'>praesidum</span> <span class='ocrx_word' id='word_1_214' title='bbox 384 2329 464 2387; x_wconf 87' lang='lat' dir='ltr'>partim</span> <span class='ocrx_word' id='word_1_215' title='bbox 482 2334 534 2374; x_wconf 87' lang='lat' dir='ltr'>ante</span> <span class='ocrx_word' id='word_1_216' title='bbox 551 2331 631 2389; x_wconf 87' lang='lat' dir='ltr'>partim</span> <span class='ocrx_word' id='word_1_217' title='bbox 653 2327 705 2390; x_wconf 81' lang='lat' dir='ltr'>p&#39;ost</span> <span class='ocrx_word' id='word_1_218' title='bbox 727 2328 894 2381; x_wconf 80' lang='lat' dir='ltr'>damnationem</span> 
     </span>
     <span class='ocr_line' id='line_1_29' title="bbox 36 2408 895 2476; baseline -0.003 -12"><span class='ocrx_word' id='word_1_219' title='bbox 36 2429 130 2476; x_wconf 78' lang='lat' dir='ltr'>opertum</span> <span class='ocrx_word' id='word_1_220' title='bbox 138 2410 250 2459; x_wconf 88' lang='lat' dir='ltr'>Hermesii</span> <span class='ocrx_word' id='word_1_221' title='bbox 266 2408 493 2454; x_wconf 85' lang='lat' dir='ltr'>honorificentissime</span> <span class='ocrx_word' id='word_1_222' title='bbox 509 2408 538 2456; x_wconf 89' lang='lat' dir='ltr'>de</span> <span class='ocrx_word' id='word_1_223' title='bbox 550 2409 668 2456; x_wconf 88' lang='lat' dir='ltr'>Hermesio</span> <span class='ocrx_word' id='word_1_224' title='bbox 686 2416 709 2457; x_wconf 86' lang='lat' dir='ltr'>et</span> <span class='ocrx_word' id='word_1_225' title='bbox 724 2413 808 2473; x_wconf 81' lang='lat' dir='ltr'>insigni</span> <span class='ocrx_word' id='word_1_226' title='bbox 824 2427 895 2474; x_wconf 83' lang='lat' dir='ltr'>opera</span> 
     </span>
     <span class='ocr_line' id='line_1_30' title="bbox 37 2486 506 2553; baseline -0.019 -11"><span class='ocrx_word' id='word_1_227' title='bbox 37 2497 64 2541; x_wconf 84' lang='lat' dir='ltr'>ab</span> <span class='ocrx_word' id='word_1_228' title='bbox 81 2509 110 2541; x_wconf 91' lang='lat' dir='ltr'>eo</span> <span class='ocrx_word' id='word_1_229' title='bbox 126 2491 234 2553; x_wconf 86' lang='lat' dir='ltr'>praestita</span> <span class='ocrx_word' id='word_1_230' title='bbox 248 2488 322 2548; x_wconf 88' lang='lat' dir='ltr'>palam</span> <span class='ocrx_word' id='word_1_231' title='bbox 337 2486 506 2533; x_wconf 88' lang='lat' dir='ltr'>indicaveruntl</span> 
     </span>
    </p>

    <p class='ocr_par' dir='ltr' id='par_1_4' title="bbox 37 2566 893 2875">
     <span class='ocr_line' id='line_1_31' title="bbox 98 2566 893 2631; baseline -0.001 -11"><span class='ocrx_word' id='word_1_232' title='bbox 98 2571 184 2629; x_wconf 83' lang='lat' dir='ltr'>Quodsi</span> <span class='ocrx_word' id='word_1_233' title='bbox 201 2580 276 2626; x_wconf 84' lang='lat' dir='ltr'>neque</span> <span class='ocrx_word' id='word_1_234' title='bbox 295 2566 398 2624; x_wconf 90' lang='lat' dir='ltr'>episcopi</span> <span class='ocrx_word' id='word_1_235' title='bbox 418 2578 493 2624; x_wconf 84' lang='lat' dir='ltr'>neque</span> <span class='ocrx_word' id='word_1_236' title='bbox 515 2566 666 2617; x_wconf 84' lang='lat' dir='ltr'>ordinariatus</span> <span class='ocrx_word' id='word_1_237' title='bbox 686 2567 791 2629; x_wconf 78' lang='lat' dir='ltr'>fuerunt,</span> <span class='ocrx_word' id='word_1_238' title='bbox 813 2572 893 2631; x_wconf 84' lang='lat' dir='ltr'>quibus</span> 
     </span>
     <span class='ocr_line' id='line_1_32' title="bbox 37 2646 893 2710; baseline -0.005 -9"><span class='ocrx_word' id='word_1_239' title='bbox 37 2669 74 2703; x_wconf 87' lang='lat' dir='ltr'>res</span> <span class='ocrx_word' id='word_1_240' title='bbox 90 2666 164 2701; x_wconf 89' lang='lat' dir='ltr'>novae</span> <span class='ocrx_word' id='word_1_241' title='bbox 180 2647 294 2695; x_wconf 85' lang='lat' dir='ltr'>Hennesii</span> <span class='ocrx_word' id='word_1_242' title='bbox 306 2646 467 2705; x_wconf 88' lang='lat' dir='ltr'>displicerent,</span> <span class='ocrx_word' id='word_1_243' title='bbox 483 2659 535 2698; x_wconf 87' lang='lat' dir='ltr'>nnrn</span> <span class='ocrx_word' id='word_1_244' title='bbox 551 2647 648 2692; x_wconf 83' lang='lat' dir='ltr'>sortasse</span> <span class='ocrx_word' id='word_1_245' title='bbox 661 2646 752 2700; x_wconf 87' lang='lat' dir='ltr'>luerunt</span> <span class='ocrx_word' id='word_1_246' title='bbox 766 2650 893 2710; x_wconf 89' lang='lat' dir='ltr'>philosophi</span> 
     </span>
     <span class='ocr_line' id='line_1_33' title="bbox 38 2723 892 2792; baseline 0.005 -19"><span class='ocrx_word' id='word_1_247' title='bbox 38 2741 60 2781; x_wconf 68' lang='lat' dir='ltr'>et</span> <span class='ocrx_word' id='word_1_248' title='bbox 80 2731 195 2792; x_wconf 70' lang='lat' dir='ltr'>theologi,</span> <span class='ocrx_word' id='word_1_249' title='bbox 218 2725 310 2772; x_wconf 85' lang='lat' dir='ltr'>easdem</span> <span class='ocrx_word' id='word_1_250' title='bbox 333 2723 419 2770; x_wconf 88' lang='lat' dir='ltr'>scilicet</span> <span class='ocrx_word' id='word_1_251' title='bbox 442 2723 571 2783; x_wconf 89' lang='lat' dir='ltr'>disciplinas</span> <span class='ocrx_word' id='word_1_252' title='bbox 589 2725 618 2770; x_wconf 90' lang='lat' dir='ltr'>de</span> <span class='ocrx_word' id='word_1_253' title='bbox 637 2726 746 2773; x_wconf 83' lang='lat' dir='ltr'>industria</span> <span class='ocrx_word' id='word_1_254' title='bbox 763 2734 892 2790; x_wconf 83' lang='lat' dir='ltr'>tractantes,</span> 
     </span>
     <span class='ocr_line' id='line_1_34' title="bbox 38 2804 891 2875; baseline -0.005 -13"><span class='ocrx_word' id='word_1_255' title='bbox 38 2817 119 2875; x_wconf 83' lang='lat' dir='ltr'>quibus</span> <span class='ocrx_word' id='word_1_256' title='bbox 132 2808 262 2860; x_wconf 88' lang='lat' dir='ltr'>Hermesius</span> <span class='ocrx_word' id='word_1_257' title='bbox 280 2804 401 2849; x_wconf 82' lang='lat' dir='ltr'>offensioni</span> <span class='ocrx_word' id='word_1_258' title='bbox 415 2805 493 2850; x_wconf 75' lang='lat' dir='ltr'>esset?</span> <span class='ocrx_word' id='word_1_259' title='bbox 509 2818 561 2850; x_wconf 90' lang='lat' dir='ltr'>num</span> <span class='ocrx_word' id='word_1_260' title='bbox 579 2805 602 2850; x_wconf 89' lang='lat' dir='ltr'>hi</span> <span class='ocrx_word' id='word_1_261' title='bbox 619 2806 722 2866; x_wconf 82' lang='lat' dir='ltr'>fuerunt,</span> <span class='ocrx_word' id='word_1_262' title='bbox 740 2810 778 2867; x_wconf 79' lang='lat' dir='ltr'>qui</span> <span class='ocrx_word' id='word_1_263' title='bbox 792 2809 891 2859; x_wconf 81' lang='lat' dir='ltr'>Dubium</span> 
     </span>
    </p>
   </div>
   <div class='ocr_carea' id='block_1_3' title="bbox 76 3010 888 3270">
    <p class='ocr_par' dir='ltr' id='par_1_5' title="bbox 76 3010 888 3270">
     <span class='ocr_line' id='line_1_35' title="bbox 79 3010 763 3079; baseline -0.031 -15"><span class='ocrx_word' id='word_1_264' title='bbox 79 3028 97 3079; x_wconf 85' lang='lat'>1)</span> <span class='ocrx_word' id='word_1_265' title='bbox 111 3040 130 3065; x_wconf 79' lang='lat' dir='ltr'>u.</span> <span class='ocrx_word' id='word_1_266' title='bbox 144 3021 366 3077; x_wconf 79' lang='lat' dir='ltr'>AllgemeirreZeitung</span> <span class='ocrx_word' id='word_1_267' title='bbox 380 3031 398 3055; x_wconf 81' lang='lat' dir='ltr'>a.</span> <span class='ocrx_word' id='word_1_268' title='bbox 415 3015 471 3061; x_wconf 76' lang='lat'>1837,</span> <span class='ocrx_word' id='word_1_269' title='bbox 487 3013 507 3051; x_wconf 81' lang='lat' dir='ltr'>cl.</span> <span class='ocrx_word' id='word_1_270' title='bbox 523 3013 546 3050; x_wconf 81' lang='lat'>15</span> <span class='ocrx_word' id='word_1_271' title='bbox 559 3010 681 3050; x_wconf 80' lang='lat' dir='ltr'>Decernhris.</span> <span class='ocrx_word' id='word_1_272' title='bbox 761 3071 763 3073; x_wconf 21' lang='grc' dir='ltr'>Ι</span> 
     </span>
     <span class='ocr_line' id='line_1_36' title="bbox 76 3081 887 3148; baseline -0.022 -13"><span class='ocrx_word' id='word_1_273' title='bbox 76 3099 97 3148; x_wconf 79' lang='lat'>2)</span> <span class='ocrx_word' id='word_1_274' title='bbox 113 3098 177 3135; x_wconf 84' lang='lat' dir='ltr'>Enine</span> <span class='ocrx_word' id='word_1_275' title='bbox 192 3107 290 3146; x_wconf 77' lang='lat' dir='ltr'>rogamus,</span> <span class='ocrx_word' id='word_1_276' title='bbox 306 3097 329 3127; x_wconf 86' lang='lat' dir='ltr'>ut</span> <span class='ocrx_word' id='word_1_277' title='bbox 344 3089 369 3126; x_wconf 85' lang='lat' dir='ltr'>de</span> <span class='ocrx_word' id='word_1_278' title='bbox 385 3088 424 3124; x_wconf 82' lang='lat' dir='ltr'>hac</span> <span class='ocrx_word' id='word_1_279' title='bbox 439 3098 459 3123; x_wconf 89' lang='lat' dir='ltr'>re</span> <span class='ocrx_word' id='word_1_280' title='bbox 474 3086 575 3134; x_wconf 79' lang='lat' dir='ltr'>legantur,</span> <span class='ocrx_word' id='word_1_281' title='bbox 594 3093 645 3131; x_wconf 82' lang='lat' dir='ltr'>quae</span> <span class='ocrx_word' id='word_1_282' title='bbox 660 3081 751 3129; x_wconf 76' lang='lat' dir='ltr'>exposita</span> <span class='ocrx_word' id='word_1_283' title='bbox 767 3091 814 3121; x_wconf 88' lang='lat' dir='ltr'>sunt</span> <span class='ocrx_word' id='word_1_284' title='bbox 829 3081 848 3136; x_wconf 79' lang='lat' dir='ltr'>p,</span> <span class='ocrx_word' id='word_1_285' title='bbox 862 3087 887 3124; x_wconf 73' lang='lat'>35</span> 
     </span>
     <span class='ocr_line' id='line_1_37' title="bbox 112 3150 888 3206; baseline -0.027 1"><span class='ocrx_word' id='word_1_286' title='bbox 112 3173 133 3205; x_wconf 82' lang='lat' dir='ltr'>et</span> <span class='ocrx_word' id='word_1_287' title='bbox 148 3166 173 3205; x_wconf 81' lang='lat'>36</span> <span class='ocrx_word' id='word_1_288' title='bbox 187 3167 209 3204; x_wconf 91' lang='lat' dir='ltr'>in</span> <span class='ocrx_word' id='word_1_289' title='bbox 224 3165 287 3202; x_wconf 85' lang='lat' dir='ltr'>libro:</span> <span class='ocrx_word' id='word_1_290' title='bbox 309 3159 405 3197; x_wconf 85' lang='lat' dir='ltr'>Homines</span> <span class='ocrx_word' id='word_1_291' title='bbox 420 3162 441 3194; x_wconf 87' lang='lat' dir='ltr'>et</span> <span class='ocrx_word' id='word_1_292' title='bbox 454 3161 516 3193; x_wconf 82' lang='lat' dir='ltr'>statos</span> <span class='ocrx_word' id='word_1_293' title='bbox 529 3155 551 3189; x_wconf 89' lang='lat' dir='ltr'>in</span> <span class='ocrx_word' id='word_1_294' title='bbox 562 3150 625 3188; x_wconf 83' lang='lat' dir='ltr'>turbis</span> <span class='ocrx_word' id='word_1_295' title='bbox 640 3150 789 3190; x_wconf 80' lang='lat' dir='ltr'>ecclesiastico·</span> <span class='ocrx_word' id='word_1_296' title='bbox 799 3157 888 3206; x_wconf 50' lang='lat' dir='ltr'>politicis</span> 
     </span>
     <span class='ocr_line' id='line_1_38' title="bbox 411 3214 681 3270; baseline -0.044 -7"><span class='ocrx_word' id='word_1_297' title='bbox 411 3222 507 3270; x_wconf 67' lang='lat' dir='ltr'>errando</span> <span class='ocrx_word' id='word_1_298' title='bbox 523 3222 601 3258; x_wconf 83' lang='lat' dir='ltr'>Droste.</span> <span class='ocrx_word' id='word_1_299' title='bbox 675 3214 681 3217; x_wconf 81' lang='grc'><strong>’</strong></span> 
     </span>
    </p>
   </div>
   <div class='ocr_carea' id='block_1_4' title="bbox 0 0 1004 3399">
    <p class='ocr_par' dir='ltr' id='par_1_6' title="bbox 0 0 1004 3399">
     <span class='ocr_line' id='line_1_39' title="bbox 0 0 1004 3399; baseline 0 0"><span class='ocrx_word' id='word_1_300' title='bbox 0 0 1004 3399; x_wconf 95' lang='lat' dir='ltr'> </span> 
     </span>
    </p>
   </div>
   <div class='ocr_carea' id='block_1_5' title="bbox 716 3300 749 3346">
    <p class='ocr_par' dir='ltr' id='par_1_7' title="bbox 716 3300 749 3346">
     <span class='ocr_line' id='line_1_40' title="bbox 716 3300 749 3346; baseline 0.03 -1"><span class='ocrx_word' id='word_1_301' title='bbox 716 3300 749 3346; x_wconf 85' lang='grc'>10</span> 
     </span>
    </p>
   </div>
  </div>
 </body>
</html>
