1979 3399
44 683 109 742 Quid
137 689 254 746 spectare
277 686 365 735 debeat
391 701 496 746 censor,
524 690 575 735 ortt
599 690 706 734 criticae
732 690 903 734 convenienter

39 757 45 761 ⁵
107 765 137 812 de
163 766 223 813 otiis
249 770 395 814 sententiam
411 767 518 814 tataros.
535 794 566 803 -
592 764 733 813 Voluntatis
758 779 790 811 oe
813 779 906 812 morum

104 846 270 905 intepritotem
286 849 311 892 ia
324 845 455 894 Hermesta
471 848 545 892 etiam
559 847 677 893 oeerrtmi
694 848 748 893 eiua
765 844 907 892 adversarii

105 928 260 985 apamenam.
404 925 406 927 ’
430 912 433 915 ’

106 1058 239 1116 Quicunque
257 1060 436 1119 philosophicum
456 1061 553 1120 aliquod
575 1065 674 1119 systema
696 1058 733 1103 uia
756 1070 784 1102 ac
808 1055 906 1111 ratione,

42 1135 116 1180 idest
134 1138 362 1200 articonvenienter
386 1139 549 1185 aestimandum
572 1139 683 1198 suscipit,
713 1138 733 1183 is
756 1139 809 1182 ante
830 1133 906 1200 omnia

43 1216 91 1259 eius
107 1204 216 1273 principia
232 1218 261 1261 ad
277 1218 354 1275 leges,
379 1219 447 1261 rnerrti
464 1218 577 1262 humanae
590 1211 741 1275 vingeneratas
759 1226 843 1271 easque
860 1213 907 1256 im-

7 1325 8 1328 *
39 1294 173 1351 mutabiles,
195 1293 324 1353 expendere
341 1300 408 1354 atque
425 1309 454 1340 ex
470 1295 505 1341 his
520 1295 626 1355 legibus,
650 1299 723 1340 utrum
738 1297 798 1339 stare
815 1290 904 1351 princi-

43 1375 80 1430 pia
95 1376 183 1430 possint
197 1386 284 1430 necne,
304 1376 411 1419 evincere
428 1374 502 1418 dehet.
534 1374 623 1418 Deinde
639 1374 749 1431 inquiret,
765 1376 838 1415 utrum
856 1372 907 1414 sin-

46 1451 112 1510 gulae
129 1464 229 1510 qumque
253 1441 404 1510 cogitationes
419 1451 464 1496 hoe
484 1455 608 1510 systemate
623 1455 776 1509 expromptae,
791 1449 819 1494 ad
837 1461 905 1494 uuam

45 1530 148 1587 omncs,
165 1531 194 1575 ad
209 1533 319 1589 principia
343 1532 380 1576 illa
401 1533 507 1576 revocari
530 1532 619 1590 possint
640 1543 722 1576 necne.
754 1531 841 1575 Pariter
858 1529 905 1585 illc,

25 1640 28 1642 ,
46 1611 83 1669 qui
99 1611 218 1667 positivam
236 1610 331 1669 aliquam
348 1610 488 1666 doctrinam,
505 1611 532 1654 ah
554 1610 597 1654 alio
613 1610 678 1655 libris
697 1609 830 1668 expositam,
847 1620 905 1653 exa-

38 1678 98 1734 'mini
114 1688 226 1734 subiicere
244 1688 391 1749 adgreditur,
413 1694 436 1734 et
452 1691 500 1748 ipsa
521 1690 632 1749 principia
657 1689 681 1735 id
704 1693 740 1734 est
763 1688 838 1734 fontes
863 1700 907 1733 ex-

44 1770 133 1828 plorare
148 1771 222 1827 dehet,
237 1770 297 1814 irride
315 1771 342 1826 is,
359 1771 387 1814 dc
404 1783 448 1829 qao
463 1764 603 1818 medicaturus
621 1774 662 1825 cst,
679 1782 719 1814 sua
735 1768 843 1825 hauserit,
864 1768 908 1813 de-

4 1862 6 1864 ·
44 1851 83 1895 het
94 1863 211 1908 (praeiere,
228 1863 271 1907 qua
287 1852 374 1894 ratione
387 1849 494 1907 hauserit,
512 1854 535 1894 et
551 1850 734 1907 circumspicere,
748 1862 801 1893 num
817 1847 907 1907 singula

46 1928 133 1972 exitiis
151 1928 250 1972 fontibus
267 1928 332 1973 cicieta
351 1941 379 1973 eo
399 1928 479 1972 orchne
495 1928 567 1987 posita
583 1929 644 1984 sint,
668 1931 693 1972 ut
708 1939 750 1973 suo
769 1940 796 1972 ac
814 1927 906 1986 proprio

46 2008 142 2065 quidque
157 2008 209 2052 loeo
225 2013 390 2066 pertractetur,
404 1992 503 2066 utrmque
520 2021 547 2052 ea
564 2008 652 2063 omnia,
678 2020 737 2066 quae
754 2021 784 2052 ex
799 2008 835 2052 his
852 2008 906 2053 son-

44 2085 102 2128 tihus
114 2085 148 2129 ad
166 2088 291 2144 argtrnrenti
307 2086 417 2144 propositi
434 2086 608 2144 explicationem
625 2085 671 2143 peti
687 2090 799 2143 possunt,
816 2099 904 2147 ¹revera

44 2154 98 2206 inde
114 2165 182 2221 petita
199 2166 250 2210 sint.
282 2165 402 2210 Praeterea
419 2170 507 2224 oportet
526 2177 591 2221 euin,
612 2164 651 2223 qui
666 2164 708 2208 arti
724 2168 904 2220 consentaneum

45 2243 209 2308 aestimatorem
229 2257 254 2288 se
270 2246 381 2303 praehere
397 2244 472 2300 uolet,
496 2244 520 2288 id
542 2248 627 2314 tantum
646 2255 702 2301 opus
719 2243 756 2288 uel
774 2256 801 2289 ca
820 2249 905 2290 tautum

46 2318 114 2378 opera
133 2323 286 2381 considerare,
304 2324 383 2382 quilnrs
401 2326 500 2382 'systema
517 2322 691 2368 exaurinandum
707 2325 845 2382 proponitur.
869 2325 904 2369 ‘ld

44 2401 80 2443 vel
97 2415 146 2446 eam
163 2403 192 2446 oh
209 2416 303 2448 eausam
320 2404 474 2448 necessarium
491 2407 540 2460 est,
565 2406 588 2447 ut
605 2403 730 2456 uenientis
749 2402 824 2459 oculi,
851 2403 903 2448 dum

6 2480 8 2482 ’
45 2478 68 2520 in
86 2479 157 2524 ahena
175 2489 304 2541 excurrunt,
320 2484 458 2542 propositum
477 2488 576 2543 systerna
594 2485 667 2542 minus
684 2485 903 2543 acriterinspiciant

47 2559 113 2611 atque
130 2568 276 2620 cogitoseant.
309 2563 375 2618 Nihil,
392 2563 441 2606 nisi·
452 2562 512 2621 quod
529 2565 553 2607 iu
570 2564 619 2620 ipso
635 2557 693 2608 iihro
711 2555 808 2619 dictum,
821 2563 850 2607 ad
861 2565 903 2619 ,iu-

47 2632 128 2676 dicium
145 2640 246 2697 censoris
262 2642 426 2687 informandum
443 2642 527 2698 ualere,
543 2640 597 2694 nihii
615 2642 643 2686 ah
660 2655 688 2686 eo
705 2644 844 2700 promrntiari
859 2643 901 2686 de-

46 2710 92 2768 het,
109 2712 152 2756 nisi
169 2715 229 2772 quod
248 2719 275 2762 ab
293 2721 342 2779 ipso
359 2726 451 2766 auctore
471 2720 580 2779 prolatum
598 2732 665 2777 esse,
682 2720 741 2766 lihro
757 2723 779 2765 in
798 2725 901 2779 promptu

46 2789 134 2847 habim,
156 2788 247 2850 prebari
268 2800 347 2854 possit.
389 2799 434 2854 Sed
452 2796 508 2857 prae
530 2799 613 2848 ceteris
638 2799 698 2844 nuilla
722 2811 834 2857 personae
858 2812 900 2844 ra-

46 2871 78 2914 tio
104 2872 193 2916 censori
218 2871 321 2921 habenda
353 2883 405 2935 est,
433 2880 466 2922 ira
490 2884 513 2922 et
537 2877 632 2923 studium
661 2878 739 2936 procui
772 2880 899 2927 amovenda

46 2956 103 2996 sunt.
144 2951 296 3009 Quaecunque
320 2960 384 3003 norit
410 2957 438 3002 de
465 2970 561 3016 persona
584 2959 650 3013 eius,
680 2956 707 3000 de
730 2969 774 3015 quio
800 2958 900 3017 iudicat,

46 3029 103 3076 haec
117 3034 196 3090 novit,
218 3043 261 3089 qnia
278 3031 346 3100 horno
370 3042 417 3092 est;
444 3049 487 3096 qua
511 3048 607 3090 censor,
628 3037 756 3094 systematis
776 3050 900 3097 personam

47 3114 137 3159 cornino
153 3115 254 3174 ignorat,
278 3123 329 3179 nam
354 3114 382 3160 dc
405 3120 526 3175 systemate
547 3104 647 3182 iudicat,
674 3126 721 3160 non
744 3107 774 3162 dc
797 3122 898 3164 astatore

733 3205 745 3250 1
