1979 3399
408 122 453 190 ε
491 111 549 192 aar
584 136 620 151 -ψ

91 258 126 300 est
142 267 240 301 summus
259 252 371 302 ecclesiae
387 257 542 316 gubernator,
557 253 686 298 delinit-ione
704 264 751 295 non
768 246 836 292 inodo
852 263 864 292 a
881 247 952 292 disci-

35 348 36 351 ’
87 335 153 393 plima
169 336 210 381 sed
235 337 301 381 etiam
320 349 335 379 a
349 335 393 392 fide
418 335 546 392 defecisse,
570 324 818 393 sequitur*llerronitnn
840 329 951 372 fautorem

91 421 226 474 essentque
250 417 393 462 defensorem
409 420 433 461 'et
455 416 612 460 schismaticae
630 419 653 458 et
672 413 803 458 haereticae
827 409 951 468 pravitatis,

33 545 35 548 ,
91 497 192 554 sequitur
212 499 242 541 ex
265 497 334 555 ipsius
359 496 495 542 sanctissimi
510 496 579 554 patris
602 496 712 539 scatentia
730 492 788 537 iaale
804 491 881 549 egisse
901 500 951 543 eos,

92 577 129 634 apri
141 576 312 635 archiepiscopo
328 581 449 635 paruerunt
459 580 480 619 et
496 564 595 620 thesibus
609 574 799 631 subscripserant,
819 581 860 615 eos
877 572 951 613 autem

65 713 66 716 Ἴ
90 642 154 700 reete
171 655 248 713 egisse
269 656 306 714 qui
327 655 498 714 archiepiscopo
522 667 569 697 noa
587 658 712 713 ,paruerunt
734 657 757 697 et
779 650 880 695 thesibus
904 659 951 691 nou

91 734 279 794 subscripserunt.
427 739 428 742 ’

92 946 247 995 Perro'aiaaa
264 949 294 994 de
315 935 448 995 accinicurte
464 944 581 991 clericali
597 943 739 992 valaniensi
754 950 778 991 et
796 948 949 993 coemetario

154 1026 286 1074 Bonnensi.
298 1056 327 1061 —
344 1028 538 1074 Declaratioaes
551 1038 633 1070 eoram
644 1028 684 1084 pai
697 1026 736 1071 bis
744 1028 866 1072 institutis
878 1038 951 1085 prae-

155 1109 232 1167 positi
248 1111 312 1152 sant.
339 1133 369 1141 —-
404 1104 458 1155 Viri
481 1104 610 1150 cataractam
628 1104 828 1150 reverendissimi
845 1105 876 1151 ad
892 1103 953 1150 Per-

156 1187 250 1231 roaiam
267 1186 382 1245 epistola.
406 1213 434 1221 -
469 1182 598 1244 Martyres
617 1186 643 1228 in
658 1180 736 1230 adasa
753 1181 901 1231 Coloniensi.
920 1207 951 1216 -

156 1264 305 1327 Hispanias.

157 1395 271 1439 Extremis
295 1395 372 1453 paucis
395 1395 446 1439 libri
468 1394 503 1439 sui
519 1393 609 1452 paginis
627 1393 748 1439 Perroaius
772 1406 863 1451 operam
887 1408 951 1441 suam

94 1474 202 1533 impendit
219 1476 341 1520 seminario
362 1473 461 1519 clericali
479 1472 609 1517 Coloniensi
625 1478 647 1517 ct
664 1475 805 1520 convictorio
828 1475 950 1520 Bonnensi.

95 1547 138 1610 Qui
155 1555 263 1601 ambobus
280 1556 315 1601 his
331 1555 436 1609 institutis
450 1554 574 1613 praepositi
589 1560 648 1612 sant,
665 1556 682 1601 ii
696 1555 754 1601 haec
771 1555 860 1614 publice
872 1556 952 1602 tlccla-

92 1638 138 1683 ran
155 1636 281 1685 voluerant.

450 1754 604 1803 Declaratio.

158 1870 302 1927 „Anonymus
319 1869 408 1926 auidam
424 1869 448 1913 ia
466 1869 550 1913 diurnis
567 1869 716 1927 „Attranasiae
735 1881 826 1927 operam
845 1869 914 1925 dedit,
929 1873 953 1913 ut

95 1947 271 1992 declarationem
297 1932 317 1990 a*
327 1946 394 1991 nobis
412 1946 523 1991 adversus.
538 1947 562 1991 P.
580 1947 714 1993 Petroniana
730 1949 855 1994 Romanum
871 1948 953 1994 factam

95 2034 117 2073 et
129 2029 183 2074 Nro.
199 2027 215 2072 4
232 2028 361 2071 diurnorum
377 2026 536 2069 universalium
552 2026 734 2085 Augustianorum
750 2028 795 2071 hoc
812 2042 872 2073 armo
895 2043 952 2087 pro-

94 2111 190 2168 positam
205 2114 310 2167 tanquam
329 2109 452 2151 averitate
472 2105 632 2151 abhorrentem
656 2108 794 2151 ostenderet.
834 2109 952 2153 Adversus

94 2190 138 2235 hoc
156 2203 266 2235 conamen
283 2189 356 2233 denno
380 2187 490 2232 declarari
507 2182 633 2244 noluimus,
658 2189 823 2232 enarrationem
847 2191 953 2246 aaoapmi

96 2273 160 2321 istius
176 2271 243 2316 rebus
259 2282 306 2314 noa
323 2268 394 2325 solum
412 2268 514 2327 improbe
532 2269 625 2314 detortis
648 2270 689 2314 scd
714 2271 780 2314 etiarn
797 2269 863 2326 plane
888 2268 951 2313 falsis

95 2352 143 2408 niti,
161 2351 221 2409 quod
233 2349 321 2409 publice
339 2348 494 2394 demonstrare
512 2354 534 2394 ei
551 2362 668 2409 possumus
685 2356 707 2395 et
722 2350 833 2406 uolumus,
851 2348 954 2394 simulat-

98 2445 141 2494 tpre
157 2430 202 2476 hoc
219 2429 373 2475 necessariam
388 2429 506 2475 videbitur.

156 2511 265 2557 Coloniae
282 2510 317 2556 die
335 2509 348 2554 9
366 2509 499 2566 llorembris
525 2507 594 2562 teia.

300 2589 417 2633 Antistites
436 2594 458 2633 et
473 2589 574 2647 magistri
591 2589 704 2634 seminarii
721 2588 928 2646 archiepiscopalis.

253 2670 291 2715 Dr.
315 2668 413 2726 theiis,
433 2684 516 2728 regens
529 2676 551 2713 et
569 2668 658 2725 capituli
675 2669 841 2726 taetropolitani
857 2669 954 2728 collega,

293 2748 331 2795 Dr,
348 2748 420 2805 Graii,
439 2750 571 2809 subrogans.
600 2748 638 2792 Dr.
654 2746 760 2802 Reber,
777 2755 891 2807 repetens.

416 2830 454 2876 Dr.
471 2829 532 2886 Lena
539 2833 547 2871 t
555 2841 567 2871 a
576 2841 588 2872 a
598 2841 627 2882 a,
646 2833 776 2888 repetensss

447 2961 602 3010 lleelaratio.

162 3066 286 3122 „Doctores
304 3062 442 3108 Bealrertias.
451 3071 474 3109 ct
489 3064 613 3108 Damasia
626 3062 713 3119 diurna,
730 3071 787 3121 quae
804 3065 954 3130 „athanasiae

95 3146 202 3202 inscripta
219 3143 349 3191 auctoritate
366 3143 447 3190 horum
463 3133 560 3189 virorum
578 3142 689 3201 eduntur,
705 3137 839 3195 relationem
855 3130 952 3203 reeepeu

95 3229 159 3283 r‘arrt,
175 3238 232 3285 (pirae
250 3225 308 3271 inter
327 3223 370 3270 alia
388 3226 455 3271 etiam
470 3225 514 3272 hoc
538 3223 650 3289 intendit,
673 3230 697 3272 ui
714 3238 771 3285 qliae
788 3224 812 3271 Ρ,
828 3224 951 3271 Petronius
