1979 3399
143 208 178 253 De
198 207 350 252 totaactione
366 201 517 247 Protocollum
535 201 687 260 conscriptum
704 207 755 258 est⁷
779 206 801 247 ct
821 199 940 246 concilium

79 289 207 350 Capi-tulare
224 288 296 332 amice
312 289 334 330 ct
350 282 496 329 concorditer
512 282 597 327 finitum
615 287 656 327 est.
716 341 718 343 η
759 302 764 304 -

142 367 279 423 blonastcrii,
296 365 332 410 die
349 366 363 410 5
382 364 518 410 Novembris
538 362 605 408 1815.
630 351 633 353 ⁵
815 421 818 427 „

678 444 694 488 l.
713 440 740 485 H.
759 439 909 485 Broelnnann.

369 793 660 842 Declcrutie

125 905 235 950 arlrersus
257 909 373 968 auctorem
390 917 529 963 ancnpnmm
544 901 671 955 Historieae
688 898 839 945 enarrationis
858 903 900 942 eet.

146 1038 213 1082 nium
233 1036 292 1082 1813
310 1036 346 1081 die
369 1037 395 1080 li
410 1037 462 1082 blaii
484 1030 602 1100 epistolam
617 1036 710 1094 accepi,
725 1033 748 1078 in
765 1045 837 1091 quaa
854 1031 945 1076 vicario

85 1117 189 1176 generali
206 1129 274 1161 manu
289 1116 359 1175 ipsius
376 1115 433 1161 bace
451 1118 535 1175 scripta
550 1120 628 1160 erant:

530 1223 661 1273 aronasiem
677 1224 714 1269 <ne
733 1194 828 1269 nomn
846 1222 913 1269 rore.

213 1317 263 1348 cum
279 1304 415 1350 Reuerentia
430 1310 467 1350 tua

87 1383 226 1441 „exennium
244 1382 330 1428 decreti
345 1383 492 1443 imperatorii,
508 1398 552 1443 quo
569 1390 593 1430 tu
611 1385 699 1446 collega
714 1385 779 1430 bunis
790 1384 884 1443 Capituli
895 1363 945 1427 lle.

88 1463 231 1521 „tropolitani
249 1465 376 1508 nominatus
394 1476 428 1522 es,
445 1466 622 1522 communicavi,
638 1470 706 1525 teque
722 1478 763 1523 pro
781 1464 883 1508 consulto
901 1463 947 1507 Ca-

88 1543 189 1602 „pilulari
207 1543 318 1589 hodierno
343 1543 379 1588 [lie
403 1543 463 1590 facto
486 1545 602 1590 invitatum
618 1544 687 1602 volni,
702 1549 727 1590 ut
743 1527 840 1589 concilio
857 1542 949 1601 Capitu-

89 1623 159 1682 „lari‚
181 1624 242 1683 quod
267 1626 366 1670 erastino
384 1625 420 1670 die
438 1625 463 1669 in
481 1625 548 1670 dorno
564 1630 642 1671 nestra
658 1625 777 1683 Capitulari
792 1625 910 1670 habebitur
927 1631 950 1670 et

89 1707 130 1762 „ll
147 1705 204 1750 bora
221 1706 305 1750 initium
321 1706 409 1765 capiet,
426 1704 509 1750 adesse
524 1704 588 1751 uelis.
624 1705 677 1751 Cum
695 1717 780 1750 summa
790 1706 822 1751 tui
833 1705 950 1750 existima-

91 1788 165 1844 „ticnc
181 1800 303 1846 permaneo

365 1867 514 1913 Reuerentiae
529 1873 582 1912 tuae

542 1940 754 1993 observantissimus
771 1961 852 1994 servus

497 2028 601 2072 Clemens
618 2028 700 2073 Drostc
715 2029 739 2073 in
754 2029 889 2087 Visclrering

560 2108 663 2154 Vioarius
677 2108 811 2168 generalis.“

92 2207 162 2252 Hisce
184 2205 263 2251 litteris
289 2206 383 2264 primum
406 2204 567 2263 publicamini
587 2205 615 2250 de
633 2205 789 2251 nominatione
800 2218 851 2251 mea
866 2215 953 2250 renun-

95 2288 177 2331 ciatum
193 2290 234 2329 cst.
270 2333 272 2336 ,

157 2365 220 2418 Quae
236 2364 260 2408 in
277 2364 312 2408 his
328 2363 407 2408 litteris
421 2369 574 2409 memorantur
588 2364 631 2408 rlno
647 2365 743 2409 concilia
755 2363 894 2423 Capitulum,
910 2377 951 2422 pro

94 2444 205 2502 speciosis
226 2447 251 2487 ut
275 2443 370 2486 habeam
386 2456 435 2486 curn
453 2449 546 2493 auctore
562 2444 690 2488 Historieae
708 2446 858 2490 enarrationis
876 2458 897 2503 p.
916 2444 953 2500 ab,

95 2525 199 2585 equidem
223 2537 236 2569 a
263 2537 299 2568 me
321 2525 442 2582 impetrare
465 2536 512 2568 non
532 2536 639 2583 possum,
663 2525 706 2570 nisi
731 2531 755 2571 nt
777 2523 855 2572 eorum
871 2525 954 2586 honori

96 2608 238 2662 obtreetcm,
259 2607 297 2663 qui
321 2617 357 2649 me
379 2606 401 2648 in
424 2605 544 2651 concilium
568 2620 631 2652 suum
648 2614 793 2652 rocaverunt.
825 2605 953 2651 Protocolla

94 2689 162 2734 unice
178 2686 231 2745 quid
248 2690 321 2732 actum
339 2687 368 2730 sit
386 2685 508 2731 ostendere
529 2688 628 2745 possunt.
661 2688 738 2746 ltaque
756 2701 813 2747 (parare
831 2688 855 2732 in
872 2688 953 2732 Proto.

97 2769 160 2815 collis
184 2768 270 2813 dierum
295 2768 321 2813 ll
339 2773 361 2812 et
376 2753 407 2810 'ta
424 2766 477 2811 blaii
500 2768 582 2825 scripta
601 2773 666 2825 saint,
688 2769 716 2813 ad
734 2782 761 2813 ea
777 2777 820 2826 ego
837 2781 953 2827 provoco:

95 2850 128 2896 ibi
144 2850 203 2895 enim
220 2849 320 2908 receptio
342 2853 421 2892 nostra
442 2846 507 2892 nullis
531 2849 631 2892 terminis
655 2850 825 2907 circumscripta
843 2854 865 2892 ct
881 2849 953 2895 solitis

96 2931 240 2976 caerimoniis
258 2933 351 2989 peracta
367 2927 438 2973 relata
455 2931 497 2985 est,
515 2941 571 2987 quae
587 2931 650 2974 utin
666 2929 777 2988 publicam
795 2929 896 2974 notitiam
913 2934 952 2987 ty-

96 3013 130 3069 pis
147 3011 252 3070 evulgata
269 3012 367 3066 vernant,
384 3012 445 3068 opto.

159 3091 238 3137 blorlus
255 3090 428 3137 introductionis
447 3102 468 3147 p.
488 3088 515 3132 bt
535 3089 592 3136 laiso
617 3095 721 3136 narratus
745 3096 786 3135 est.
826 3090 878 3135 Post
901 3087 954 3134 firlei

98 3171 264 3232 professionem
286 3172 369 3218 nullum
393 3168 500 3229 ternporis
526 3170 664 3217 interuallum
685 3170 732 3217 luit.
765 3170 829 3230 Ego,
844 3175 867 3216 ut
884 3168 954 3214 ceteri
